Poker Hand #RC1449839633: Hold'em No Limit  ($0.05/$0.1) - 2023/04/04 09:49:58
Table 'RushAndCash1644893' 6-max Seat #1 is the button
Seat 1: 6db8b94e ($10.15 in chips)
Seat 2: 20207573 ($23.23 in chips)
Seat 3: 32cf9ed8 ($11.39 in chips)
Seat 4: 4ce36648 ($32.71 in chips)
Seat 5: f3b84028 ($10.72 in chips)
Seat 6: Hero ($17.79 in chips)
20207573: posts small blind $0.05
32cf9ed8: posts big blind $0.1
*** HOLE CARDS ***
Dealt to 6db8b94e 
Dealt to 20207573 
Dealt to 32cf9ed8 
Dealt to 4ce36648 
Dealt to f3b84028 
Dealt to Hero [3c 6h]
4ce36648: folds
f3b84028: raises $0.13 to $0.23
Hero: folds
6db8b94e: folds
20207573: folds
32cf9ed8: calls $0.13
*** FLOP *** [Kd Td 2h]
32cf9ed8: checks
f3b84028: bets $0.35
32cf9ed8: folds
Uncalled bet ($0.35) returned to f3b84028
*** SHOWDOWN ***
f3b84028 collected $0.49 from pot
*** SUMMARY ***
Total pot $0.51 | Rake $0.02 | Jackpot $0 | Bingo $0 | Fortune $0
Board [Kd Td 2h]
Seat 1: 6db8b94e (button) folded before Flop (didn't bet)
Seat 2: 20207573 (small blind) folded before Flop
Seat 3: 32cf9ed8 (big blind) folded on the Flop
Seat 4: 4ce36648 folded before Flop (didn't bet)
Seat 5: f3b84028 won ($0.49)
Seat 6: Hero folded before Flop (didn't bet)


Poker Hand #RC1449839605: Hold'em No Limit  ($0.05/$0.1) - 2023/04/04 09:49:53
Table 'RushAndCash1644865' 6-max Seat #1 is the button
Seat 1: Hero ($17.79 in chips)
Seat 2: 5ac1cd49 ($7.47 in chips)
Seat 3: a51416a4 ($11.27 in chips)
Seat 4: b0f964a9 ($11 in chips)
Seat 5: fb1a6f ($9.7 in chips)
Seat 6: 6495395e ($6.63 in chips)
5ac1cd49: posts small blind $0.05
a51416a4: posts big blind $0.1
*** HOLE CARDS ***
Dealt to Hero [9c 4h]
Dealt to 5ac1cd49 
Dealt to a51416a4 
Dealt to b0f964a9 
Dealt to fb1a6f 
Dealt to 6495395e 
b0f964a9: folds
fb1a6f: folds
6495395e: folds
Hero: folds
5ac1cd49: folds
Uncalled bet ($0.05) returned to a51416a4
*** SHOWDOWN ***
a51416a4 collected $0.1 from pot
*** SUMMARY ***
Total pot $0.1 | Rake $0 | Jackpot $0 | Bingo $0 | Fortune $0
Seat 1: Hero (button) folded before Flop (didn't bet)
Seat 2: 5ac1cd49 (small blind) folded before Flop
Seat 3: a51416a4 (big blind) collected ($0.1)
Seat 4: b0f964a9 folded before Flop (didn't bet)
Seat 5: fb1a6f folded before Flop (didn't bet)
Seat 6: 6495395e folded before Flop (didn't bet)


Poker Hand #RC1449839314: Hold'em No Limit  ($0.05/$0.1) - 2023/04/04 09:49:03
Table 'RushAndCash1644574' 6-max Seat #1 is the button
Seat 1: 21a46b4a ($13.57 in chips)
Seat 2: Hero ($18.04 in chips)
Seat 3: 67c7647f ($10.37 in chips)
Seat 4: b0be81d ($6.9 in chips)
Seat 5: df270f49 ($10 in chips)
Seat 6: b0f964a9 ($10.68 in chips)
Hero: posts small blind $0.05
67c7647f: posts big blind $0.1
*** HOLE CARDS ***
Dealt to 21a46b4a 
Dealt to Hero [7d Ad]
Dealt to 67c7647f 
Dealt to b0be81d 
Dealt to df270f49 
Dealt to b0f964a9 
b0be81d: folds
df270f49: folds
b0f964a9: raises $0.15 to $0.25
21a46b4a: folds
Hero: calls $0.2
67c7647f: folds
*** FLOP *** [Kc 5d 4c]
Hero: checks
b0f964a9: bets $0.2
Hero: folds
Uncalled bet ($0.2) returned to b0f964a9
*** SHOWDOWN ***
b0f964a9 collected $0.57 from pot
*** SUMMARY ***
Total pot $0.6 | Rake $0.03 | Jackpot $0 | Bingo $0 | Fortune $0
Board [Kc 5d 4c]
Seat 1: 21a46b4a (button) folded before Flop (didn't bet)
Seat 2: Hero (small blind) folded on the Flop
Seat 3: 67c7647f (big blind) folded before Flop
Seat 4: b0be81d folded before Flop (didn't bet)
Seat 5: df270f49 folded before Flop (didn't bet)
Seat 6: b0f964a9 won ($0.57)


Poker Hand #RC1449839226: Hold'em No Limit  ($0.05/$0.1) - 2023/04/04 09:48:48
Table 'RushAndCash1644486' 6-max Seat #1 is the button
Seat 1: 991e4439 ($21.07 in chips)
Seat 2: e39fb85e ($26.36 in chips)
Seat 3: Hero ($18.14 in chips)
Seat 4: 6495395e ($6.41 in chips)
Seat 5: 7494f17b ($18.04 in chips)
Seat 6: c0abf0b0 ($18.99 in chips)
e39fb85e: posts small blind $0.05
Hero: posts big blind $0.1
*** HOLE CARDS ***
Dealt to 991e4439 
Dealt to e39fb85e 
Dealt to Hero [4c 8s]
Dealt to 6495395e 
Dealt to 7494f17b 
Dealt to c0abf0b0 
6495395e: folds
7494f17b: folds
c0abf0b0: raises $0.13 to $0.23
991e4439: folds
e39fb85e: folds
Hero: folds
Uncalled bet ($0.13) returned to c0abf0b0
*** SHOWDOWN ***
c0abf0b0 collected $0.25 from pot
*** SUMMARY ***
Total pot $0.25 | Rake $0 | Jackpot $0 | Bingo $0 | Fortune $0
Seat 1: 991e4439 (button) folded before Flop (didn't bet)
Seat 2: e39fb85e (small blind) folded before Flop
Seat 3: Hero (big blind) folded before Flop
Seat 4: 6495395e folded before Flop (didn't bet)
Seat 5: 7494f17b folded before Flop (didn't bet)
Seat 6: c0abf0b0 collected ($0.25)


Poker Hand #RC1449839180: Hold'em No Limit  ($0.05/$0.1) - 2023/04/04 09:48:41
Table 'RushAndCash1644440' 6-max Seat #1 is the button
Seat 1: 6495395e ($6.41 in chips)
Seat 2: a98920cf ($28.4 in chips)
Seat 3: 85a2c232 ($16.56 in chips)
Seat 4: ebde0103 ($13.26 in chips)
Seat 5: 3e9a7139 ($10.86 in chips)
Seat 6: Hero ($18.14 in chips)
a98920cf: posts small blind $0.05
85a2c232: posts big blind $0.1
*** HOLE CARDS ***
Dealt to 6495395e 
Dealt to a98920cf 
Dealt to 85a2c232 
Dealt to ebde0103 
Dealt to 3e9a7139 
Dealt to Hero [8s 4s]
ebde0103: folds
3e9a7139: folds
Hero: folds
6495395e: folds
a98920cf: raises $0.15 to $0.25
85a2c232: folds
Uncalled bet ($0.15) returned to a98920cf
*** SHOWDOWN ***
a98920cf collected $0.2 from pot
*** SUMMARY ***
Total pot $0.2 | Rake $0 | Jackpot $0 | Bingo $0 | Fortune $0
Seat 1: 6495395e (button) folded before Flop (didn't bet)
Seat 2: a98920cf (small blind) collected ($0.2)
Seat 3: 85a2c232 (big blind) folded before Flop
Seat 4: ebde0103 folded before Flop (didn't bet)
Seat 5: 3e9a7139 folded before Flop (didn't bet)
Seat 6: Hero folded before Flop (didn't bet)


Poker Hand #RC1449839119: Hold'em No Limit  ($0.05/$0.1) - 2023/04/04 09:48:31
Table 'RushAndCash1644379' 6-max Seat #1 is the button
Seat 1: df7b031a ($14.09 in chips)
Seat 2: 743aa201 ($10 in chips)
Seat 3: f86e8209 ($13.09 in chips)
Seat 4: Hero ($18.14 in chips)
Seat 5: f3dc2ced ($10.9 in chips)
Seat 6: 308bc6b4 ($16.86 in chips)
743aa201: posts small blind $0.05
f86e8209: posts big blind $0.1
*** HOLE CARDS ***
Dealt to df7b031a 
Dealt to 743aa201 
Dealt to f86e8209 
Dealt to Hero [5c Kd]
Dealt to f3dc2ced 
Dealt to 308bc6b4 
Hero: folds
f3dc2ced: folds
308bc6b4: folds
df7b031a: folds
743aa201: folds
Uncalled bet ($0.05) returned to f86e8209
*** SHOWDOWN ***
f86e8209 collected $0.1 from pot
*** SUMMARY ***
Total pot $0.1 | Rake $0 | Jackpot $0 | Bingo $0 | Fortune $0
Seat 1: df7b031a (button) folded before Flop (didn't bet)
Seat 2: 743aa201 (small blind) folded before Flop
Seat 3: f86e8209 (big blind) collected ($0.1)
Seat 4: Hero folded before Flop (didn't bet)
Seat 5: f3dc2ced folded before Flop (didn't bet)
Seat 6: 308bc6b4 folded before Flop (didn't bet)


Poker Hand #RC1449839075: Hold'em No Limit  ($0.05/$0.1) - 2023/04/04 09:48:24
Table 'RushAndCash1644335' 6-max Seat #1 is the button
Seat 1: b1e4d625 ($14.67 in chips)
Seat 2: 39a4a091 ($3.71 in chips)
Seat 3: 393c1ed ($14.86 in chips)
Seat 4: 7d8e081f ($10.82 in chips)
Seat 5: 22ce56fd ($16.08 in chips)
Seat 6: Hero ($18.14 in chips)
39a4a091: posts small blind $0.05
393c1ed: posts big blind $0.1
*** HOLE CARDS ***
Dealt to b1e4d625 
Dealt to 39a4a091 
Dealt to 393c1ed 
Dealt to 7d8e081f 
Dealt to 22ce56fd 
Dealt to Hero [6d 4d]
7d8e081f: raises $0.15 to $0.25
22ce56fd: folds
Hero: folds
b1e4d625: folds
39a4a091: calls $0.2
393c1ed: calls $0.15
*** FLOP *** [Qs 3c 7h]
39a4a091: checks
393c1ed: checks
7d8e081f: bets $0.25
39a4a091: folds
393c1ed: folds
Uncalled bet ($0.25) returned to 7d8e081f
*** SHOWDOWN ***
7d8e081f collected $0.72 from pot
*** SUMMARY ***
Total pot $0.75 | Rake $0.03 | Jackpot $0 | Bingo $0 | Fortune $0
Board [Qs 3c 7h]
Seat 1: b1e4d625 (button) folded before Flop (didn't bet)
Seat 2: 39a4a091 (small blind) folded on the Flop
Seat 3: 393c1ed (big blind) folded on the Flop
Seat 4: 7d8e081f won ($0.72)
Seat 5: 22ce56fd folded before Flop (didn't bet)
Seat 6: Hero folded before Flop (didn't bet)


Poker Hand #RC1449839048: Hold'em No Limit  ($0.05/$0.1) - 2023/04/04 09:48:20
Table 'RushAndCash1644308' 6-max Seat #1 is the button
Seat 1: 3003a59d ($13.73 in chips)
Seat 2: 1abf89d8 ($10.55 in chips)
Seat 3: Hero ($18.24 in chips)
Seat 4: 20207573 ($21.56 in chips)
Seat 5: 5cd39f0f ($9.95 in chips)
Seat 6: 33d9297 ($11.05 in chips)
1abf89d8: posts small blind $0.05
Hero: posts big blind $0.1
*** HOLE CARDS ***
Dealt to 3003a59d 
Dealt to 1abf89d8 
Dealt to Hero [9s 7d]
Dealt to 20207573 
Dealt to 5cd39f0f 
Dealt to 33d9297 
20207573: folds
5cd39f0f: folds
33d9297: raises $0.15 to $0.25
3003a59d: folds
1abf89d8: folds
Hero: folds
Uncalled bet ($0.15) returned to 33d9297
*** SHOWDOWN ***
33d9297 collected $0.25 from pot
*** SUMMARY ***
Total pot $0.25 | Rake $0 | Jackpot $0 | Bingo $0 | Fortune $0
Seat 1: 3003a59d (button) folded before Flop (didn't bet)
Seat 2: 1abf89d8 (small blind) folded before Flop
Seat 3: Hero (big blind) folded before Flop
Seat 4: 20207573 folded before Flop (didn't bet)
Seat 5: 5cd39f0f folded before Flop (didn't bet)
Seat 6: 33d9297 collected ($0.25)


Poker Hand #RC1449839005: Hold'em No Limit  ($0.05/$0.1) - 2023/04/04 09:48:14
Table 'RushAndCash1644265' 6-max Seat #1 is the button
Seat 1: c104a7b6 ($16.92 in chips)
Seat 2: Hero ($18.29 in chips)
Seat 3: ba5bb67 ($20.61 in chips)
Seat 4: 1c2ce943 ($12.33 in chips)
Seat 5: b5dd070b ($11.53 in chips)
Seat 6: 43dafc08 ($30.96 in chips)
Hero: posts small blind $0.05
ba5bb67: posts big blind $0.1
*** HOLE CARDS ***
Dealt to c104a7b6 
Dealt to Hero [4d Jc]
Dealt to ba5bb67 
Dealt to 1c2ce943 
Dealt to b5dd070b 
Dealt to 43dafc08 
1c2ce943: folds
b5dd070b: folds
43dafc08: folds
c104a7b6: folds
Hero: folds
Uncalled bet ($0.05) returned to ba5bb67
*** SHOWDOWN ***
ba5bb67 collected $0.1 from pot
*** SUMMARY ***
Total pot $0.1 | Rake $0 | Jackpot $0 | Bingo $0 | Fortune $0
Seat 1: c104a7b6 (button) folded before Flop (didn't bet)
Seat 2: Hero (small blind) folded before Flop
Seat 3: ba5bb67 (big blind) collected ($0.1)
Seat 4: 1c2ce943 folded before Flop (didn't bet)
Seat 5: b5dd070b folded before Flop (didn't bet)
Seat 6: 43dafc08 folded before Flop (didn't bet)


Poker Hand #RC1449838964: Hold'em No Limit  ($0.05/$0.1) - 2023/04/04 09:48:07
Table 'RushAndCash1644224' 6-max Seat #1 is the button
Seat 1: 28122761 ($3.9 in chips)
Seat 2: ff5f4a43 ($9.19 in chips)
Seat 3: bbc70747 ($17.81 in chips)
Seat 4: Hero ($18.29 in chips)
Seat 5: 79ed9d74 ($21.55 in chips)
Seat 6: 2aba70e1 ($12.05 in chips)
ff5f4a43: posts small blind $0.05
bbc70747: posts big blind $0.1
*** HOLE CARDS ***
Dealt to 28122761 
Dealt to ff5f4a43 
Dealt to bbc70747 
Dealt to Hero [2d Ad]
Dealt to 79ed9d74 
Dealt to 2aba70e1 
Hero: folds
79ed9d74: folds
2aba70e1: folds
28122761: folds
ff5f4a43: folds
Uncalled bet ($0.05) returned to bbc70747
*** SHOWDOWN ***
bbc70747 collected $0.1 from pot
*** SUMMARY ***
Total pot $0.1 | Rake $0 | Jackpot $0 | Bingo $0 | Fortune $0
Seat 1: 28122761 (button) folded before Flop (didn't bet)
Seat 2: ff5f4a43 (small blind) folded before Flop
Seat 3: bbc70747 (big blind) collected ($0.1)
Seat 4: Hero folded before Flop (didn't bet)
Seat 5: 79ed9d74 folded before Flop (didn't bet)
Seat 6: 2aba70e1 folded before Flop (didn't bet)


Poker Hand #RC1449838928: Hold'em No Limit  ($0.05/$0.1) - 2023/04/04 09:48:01
Table 'RushAndCash1644188' 6-max Seat #1 is the button
Seat 1: c259e375 ($11.69 in chips)
Seat 2: Hero ($18.34 in chips)
Seat 3: 17b2cce ($9.04 in chips)
Seat 4: 9a159a8 ($24.03 in chips)
Seat 5: daf59de1 ($10.15 in chips)
Seat 6: bc0f27e5 ($6.39 in chips)
Hero: posts small blind $0.05
17b2cce: posts big blind $0.1
*** HOLE CARDS ***
Dealt to c259e375 
Dealt to Hero [6c 3c]
Dealt to 17b2cce 
Dealt to 9a159a8 
Dealt to daf59de1 
Dealt to bc0f27e5 
9a159a8: folds
daf59de1: folds
bc0f27e5: folds
c259e375: raises $0.13 to $0.23
Hero: folds
17b2cce: calls $0.13
*** FLOP *** [Tc 7s Qc]
17b2cce: checks
c259e375: bets $0.17
17b2cce: calls $0.17
*** TURN *** [Tc 7s Qc] [Kh]
17b2cce: checks
c259e375: bets $0.64
17b2cce: raises $0.86 to $1.5
c259e375: calls $0.86
*** RIVER *** [Tc 7s Qc Kh] [Jd]
17b2cce: checks
c259e375: checks
17b2cce: shows [As Jh] (Aces-High Straight)
c259e375: shows [9c 7c] (Kings-High Straight)
*** SHOWDOWN ***
17b2cce collected $3.52 from pot
*** SUMMARY ***
Total pot $3.85 | Rake $0.18 | Jackpot $0.15 | Bingo $0 | Fortune $0
Board [Tc 7s Qc Kh Jd]
Seat 1: c259e375 (button) showed [9c 7c] and lost with Kings-High Straight
Seat 2: Hero (small blind) folded before Flop
Seat 3: 17b2cce (big blind) showed [As Jh] and won ($3.52) with Aces-High Straight
Seat 4: 9a159a8 folded before Flop (didn't bet)
Seat 5: daf59de1 folded before Flop (didn't bet)
Seat 6: bc0f27e5 folded before Flop (didn't bet)


Poker Hand #RC1449838882: Hold'em No Limit  ($0.05/$0.1) - 2023/04/04 09:47:53
Table 'RushAndCash1644142' 6-max Seat #1 is the button
Seat 1: Hero ($18.34 in chips)
Seat 2: 8c93f4d2 ($8.78 in chips)
Seat 3: 2368500f ($18.19 in chips)
Seat 4: e28ff505 ($11.65 in chips)
Seat 5: b5b03a3a ($14.75 in chips)
Seat 6: 5c7f2a40 ($10 in chips)
8c93f4d2: posts small blind $0.05
2368500f: posts big blind $0.1
*** HOLE CARDS ***
Dealt to Hero [5s 8d]
Dealt to 8c93f4d2 
Dealt to 2368500f 
Dealt to e28ff505 
Dealt to b5b03a3a 
Dealt to 5c7f2a40 
e28ff505: folds
b5b03a3a: folds
5c7f2a40: folds
Hero: folds
8c93f4d2: folds
Uncalled bet ($0.05) returned to 2368500f
*** SHOWDOWN ***
2368500f collected $0.1 from pot
*** SUMMARY ***
Total pot $0.1 | Rake $0 | Jackpot $0 | Bingo $0 | Fortune $0
Seat 1: Hero (button) folded before Flop (didn't bet)
Seat 2: 8c93f4d2 (small blind) folded before Flop
Seat 3: 2368500f (big blind) collected ($0.1)
Seat 4: e28ff505 folded before Flop (didn't bet)
Seat 5: b5b03a3a folded before Flop (didn't bet)
Seat 6: 5c7f2a40 folded before Flop (didn't bet)


Poker Hand #RC1449838845: Hold'em No Limit  ($0.05/$0.1) - 2023/04/04 09:47:48
Table 'RushAndCash1644105' 6-max Seat #1 is the button
Seat 1: cc87f7e ($10.96 in chips)
Seat 2: b5b03a3a ($14.8 in chips)
Seat 3: d3f865b4 ($11.69 in chips)
Seat 4: 5cd39f0f ($10.35 in chips)
Seat 5: 9a9a9057 ($12.58 in chips)
Seat 6: Hero ($18.34 in chips)
b5b03a3a: posts small blind $0.05
d3f865b4: posts big blind $0.1
*** HOLE CARDS ***
Dealt to cc87f7e 
Dealt to b5b03a3a 
Dealt to d3f865b4 
Dealt to 5cd39f0f 
Dealt to 9a9a9057 
Dealt to Hero [7d 4c]
5cd39f0f: folds
9a9a9057: folds
Hero: folds
cc87f7e: raises $0.12 to $0.22
b5b03a3a: folds
d3f865b4: folds
Uncalled bet ($0.12) returned to cc87f7e
*** SHOWDOWN ***
cc87f7e collected $0.25 from pot
*** SUMMARY ***
Total pot $0.25 | Rake $0 | Jackpot $0 | Bingo $0 | Fortune $0
Seat 1: cc87f7e (button) collected ($0.25)
Seat 2: b5b03a3a (small blind) folded before Flop
Seat 3: d3f865b4 (big blind) folded before Flop
Seat 4: 5cd39f0f folded before Flop (didn't bet)
Seat 5: 9a9a9057 folded before Flop (didn't bet)
Seat 6: Hero folded before Flop (didn't bet)


Poker Hand #RC1449838407: Hold'em No Limit  ($0.05/$0.1) - 2023/04/04 09:46:36
Table 'RushAndCash1643667' 6-max Seat #1 is the button
Seat 1: 43dafc08 ($30.6 in chips)
Seat 2: 755d2c8d ($8.02 in chips)
Seat 3: c418a482 ($2.88 in chips)
Seat 4: 7820eea1 ($11.06 in chips)
Seat 5: Hero ($18.89 in chips)
Seat 6: b5b03a3a ($13.92 in chips)
755d2c8d: posts small blind $0.05
c418a482: posts big blind $0.1
*** HOLE CARDS ***
Dealt to 43dafc08 
Dealt to 755d2c8d 
Dealt to c418a482 
Dealt to 7820eea1 
Dealt to Hero [Ts Qs]
Dealt to b5b03a3a 
7820eea1: folds
Hero: raises $0.15 to $0.25
b5b03a3a: calls $0.25
43dafc08: calls $0.25
755d2c8d: folds
c418a482: folds
*** FLOP *** [Ad Kc 2s]
Hero: bets $0.3
b5b03a3a: calls $0.3
43dafc08: folds
*** TURN *** [Ad Kc 2s] [Ac]
Hero: checks
b5b03a3a: checks
*** RIVER *** [Ad Kc 2s Ac] [4c]
Hero: checks
b5b03a3a: checks
Hero: shows [Ts Qs] (Pair of Aces)
b5b03a3a: shows [Td Th] (Pair of Aces and Pair of Tens)
*** SHOWDOWN ***
b5b03a3a collected $1.43 from pot
*** SUMMARY ***
Total pot $1.5 | Rake $0.07 | Jackpot $0 | Bingo $0 | Fortune $0
Board [Ad Kc 2s Ac 4c]
Seat 1: 43dafc08 (button) folded on the Flop
Seat 2: 755d2c8d (small blind) folded before Flop
Seat 3: c418a482 (big blind) folded before Flop
Seat 4: 7820eea1 folded before Flop (didn't bet)
Seat 5: Hero showed [Ts Qs] and lost with Pair of Aces
Seat 6: b5b03a3a showed [Td Th] and won ($1.43) with Pair of Aces and Pair of Tens


Poker Hand #RC1449838016: Hold'em No Limit  ($0.05/$0.1) - 2023/04/04 09:45:32
Table 'RushAndCash1643276' 6-max Seat #1 is the button
Seat 1: Hero ($19.14 in chips)
Seat 2: c418a482 ($2.56 in chips)
Seat 3: 830d6c1c ($9.01 in chips)
Seat 4: cd8e90ec ($11.2 in chips)
Seat 5: 658ec3c4 ($24.96 in chips)
Seat 6: 82487ce0 ($12.88 in chips)
c418a482: posts small blind $0.05
830d6c1c: posts big blind $0.1
*** HOLE CARDS ***
Dealt to Hero [7h Ks]
Dealt to c418a482 
Dealt to 830d6c1c 
Dealt to cd8e90ec 
Dealt to 658ec3c4 
Dealt to 82487ce0 
cd8e90ec: folds
658ec3c4: folds
82487ce0: folds
Hero: raises $0.15 to $0.25
c418a482: calls $0.2
830d6c1c: folds
*** FLOP *** [2c 8s 5d]
c418a482: checks
Hero: checks
*** TURN *** [2c 8s 5d] [2s]
c418a482: checks
Hero: checks
*** RIVER *** [2c 8s 5d 2s] [Qd]
c418a482: checks
Hero: checks
c418a482: shows [Jd Kc] (Pair of Twos)
Hero: shows [7h Ks] (Pair of Twos)
*** SHOWDOWN ***
c418a482 collected $0.57 from pot
*** SUMMARY ***
Total pot $0.6 | Rake $0.03 | Jackpot $0 | Bingo $0 | Fortune $0
Board [2c 8s 5d 2s Qd]
Seat 1: Hero (button) showed [7h Ks] and lost with Pair of Twos
Seat 2: c418a482 (small blind) showed [Jd Kc] and won ($0.57) with Pair of Twos
Seat 3: 830d6c1c (big blind) folded before Flop
Seat 4: cd8e90ec folded before Flop (didn't bet)
Seat 5: 658ec3c4 folded before Flop (didn't bet)
Seat 6: 82487ce0 folded before Flop (didn't bet)


Poker Hand #RC1449837885: Hold'em No Limit  ($0.05/$0.1) - 2023/04/04 09:45:09
Table 'RushAndCash1643145' 6-max Seat #1 is the button
Seat 1: 2f5f9b3d ($13.01 in chips)
Seat 2: 7bab232d ($22.34 in chips)
Seat 3: Hero ($19.24 in chips)
Seat 4: 1fc5605 ($10.26 in chips)
Seat 5: 97e3fc58 ($11.4 in chips)
Seat 6: 86aadb56 ($13.52 in chips)
7bab232d: posts small blind $0.05
Hero: posts big blind $0.1
*** HOLE CARDS ***
Dealt to 2f5f9b3d 
Dealt to 7bab232d 
Dealt to Hero [3s 2s]
Dealt to 1fc5605 
Dealt to 97e3fc58 
Dealt to 86aadb56 
1fc5605: folds
97e3fc58: folds
86aadb56: folds
2f5f9b3d: raises $0.1 to $0.2
7bab232d: folds
Hero: folds
Uncalled bet ($0.1) returned to 2f5f9b3d
*** SHOWDOWN ***
2f5f9b3d collected $0.25 from pot
*** SUMMARY ***
Total pot $0.25 | Rake $0 | Jackpot $0 | Bingo $0 | Fortune $0
Seat 1: 2f5f9b3d (button) collected ($0.25)
Seat 2: 7bab232d (small blind) folded before Flop
Seat 3: Hero (big blind) folded before Flop
Seat 4: 1fc5605 folded before Flop (didn't bet)
Seat 5: 97e3fc58 folded before Flop (didn't bet)
Seat 6: 86aadb56 folded before Flop (didn't bet)


Poker Hand #RC1449837247: Hold'em No Limit  ($0.05/$0.1) - 2023/04/04 09:43:27
Table 'RushAndCash1642507' 6-max Seat #1 is the button
Seat 1: 47cc4c81 ($13.69 in chips)
Seat 2: 5833de8c ($10.13 in chips)
Seat 3: 462e5ef3 ($10 in chips)
Seat 4: d794e93d ($12.23 in chips)
Seat 5: bde46463 ($10 in chips)
Seat 6: Hero ($16.22 in chips)
5833de8c: posts small blind $0.05
462e5ef3: posts big blind $0.1
*** HOLE CARDS ***
Dealt to 47cc4c81 
Dealt to 5833de8c 
Dealt to 462e5ef3 
Dealt to d794e93d 
Dealt to bde46463 
Dealt to Hero [Td Ts]
d794e93d: folds
bde46463: folds
Hero: raises $0.15 to $0.25
47cc4c81: raises $0.5 to $0.75
5833de8c: folds
462e5ef3: folds
Hero: calls $0.5
*** FLOP *** [2s 2d 6d]
Hero: checks
47cc4c81: bets $1.25
Hero: calls $1.25
*** TURN *** [2s 2d 6d] [Kd]
Hero: checks
47cc4c81: checks
*** RIVER *** [2s 2d 6d Kd] [Tc]
Hero: bets $1.32
47cc4c81: calls $1.32
Hero: shows [Td Ts] (Tens Full over Twos)
47cc4c81: shows [Qc Qd] (Pair of Queens and Pair of Twos)
*** SHOWDOWN ***
Hero collected $6.34 from pot
*** SUMMARY ***
Total pot $6.79 | Rake $0.3 | Jackpot $0.15 | Bingo $0 | Fortune $0
Board [2s 2d 6d Kd Tc]
Seat 1: 47cc4c81 (button) showed [Qc Qd] and lost with Pair of Queens and Pair of Twos
Seat 2: 5833de8c (small blind) folded before Flop
Seat 3: 462e5ef3 (big blind) folded before Flop
Seat 4: d794e93d folded before Flop (didn't bet)
Seat 5: bde46463 folded before Flop (didn't bet)
Seat 6: Hero showed [Td Ts] and won ($6.34) with Tens Full over Twos


Poker Hand #RC1449837148: Hold'em No Limit  ($0.05/$0.1) - 2023/04/04 09:43:10
Table 'RushAndCash1642408' 6-max Seat #1 is the button
Seat 1: 7375f868 ($10.44 in chips)
Seat 2: 20207573 ($23.12 in chips)
Seat 3: 6517e9ca ($10 in chips)
Seat 4: Hero ($16.22 in chips)
Seat 5: e8d2b644 ($10.3 in chips)
Seat 6: 1fc5605 ($10.63 in chips)
20207573: posts small blind $0.05
6517e9ca: posts big blind $0.1
*** HOLE CARDS ***
Dealt to 7375f868 
Dealt to 20207573 
Dealt to 6517e9ca 
Dealt to Hero [3d 5d]
Dealt to e8d2b644 
Dealt to 1fc5605 
Hero: folds
e8d2b644: folds
1fc5605: raises $0.13 to $0.23
7375f868: folds
20207573: calls $0.18
6517e9ca: calls $0.13
*** FLOP *** [9s 6d 3s]
20207573: checks
6517e9ca: checks
1fc5605: checks
*** TURN *** [9s 6d 3s] [2c]
20207573: checks
6517e9ca: bets $0.33
1fc5605: folds
20207573: calls $0.33
*** RIVER *** [9s 6d 3s 2c] [Tc]
20207573: checks
6517e9ca: checks
20207573: shows [4s 4h] (Pair of Fours)
6517e9ca: shows [7s 7c] (Pair of Sevens)
*** SHOWDOWN ***
6517e9ca collected $1.29 from pot
*** SUMMARY ***
Total pot $1.35 | Rake $0.06 | Jackpot $0 | Bingo $0 | Fortune $0
Board [9s 6d 3s 2c Tc]
Seat 1: 7375f868 (button) folded before Flop (didn't bet)
Seat 2: 20207573 (small blind) showed [4s 4h] and lost with Pair of Fours
Seat 3: 6517e9ca (big blind) showed [7s 7c] and won ($1.29) with Pair of Sevens
Seat 4: Hero folded before Flop (didn't bet)
Seat 5: e8d2b644 folded before Flop (didn't bet)
Seat 6: 1fc5605 folded on the Turn


Poker Hand #RC1449837111: Hold'em No Limit  ($0.05/$0.1) - 2023/04/04 09:43:03
Table 'RushAndCash1642371' 6-max Seat #1 is the button
Seat 1: a8203fdf ($12.71 in chips)
Seat 2: ebbec3e5 ($19.81 in chips)
Seat 3: 66561bf9 ($10.77 in chips)
Seat 4: e35761d4 ($38.04 in chips)
Seat 5: Hero ($16.22 in chips)
Seat 6: 4ad1045 ($10.68 in chips)
ebbec3e5: posts small blind $0.05
66561bf9: posts big blind $0.1
*** HOLE CARDS ***
Dealt to a8203fdf 
Dealt to ebbec3e5 
Dealt to 66561bf9 
Dealt to e35761d4 
Dealt to Hero [6c Ks]
Dealt to 4ad1045 
e35761d4: raises $0.15 to $0.25
Hero: folds
4ad1045: folds
a8203fdf: folds
ebbec3e5: folds
66561bf9: folds
Uncalled bet ($0.15) returned to e35761d4
*** SHOWDOWN ***
e35761d4 collected $0.25 from pot
*** SUMMARY ***
Total pot $0.25 | Rake $0 | Jackpot $0 | Bingo $0 | Fortune $0
Seat 1: a8203fdf (button) folded before Flop (didn't bet)
Seat 2: ebbec3e5 (small blind) folded before Flop
Seat 3: 66561bf9 (big blind) folded before Flop
Seat 4: e35761d4 collected ($0.25)
Seat 5: Hero folded before Flop (didn't bet)
Seat 6: 4ad1045 folded before Flop (didn't bet)


Poker Hand #RC1449837011: Hold'em No Limit  ($0.05/$0.1) - 2023/04/04 09:42:46
Table 'RushAndCash1642271' 6-max Seat #1 is the button
Seat 1: eeaade2 ($10.61 in chips)
Seat 2: 43670060 ($10.15 in chips)
Seat 3: Hero ($16.32 in chips)
Seat 4: 3644aa7c ($8.83 in chips)
Seat 5: 2f5f9b3d ($11.16 in chips)
Seat 6: fc0661a ($10.91 in chips)
43670060: posts small blind $0.05
Hero: posts big blind $0.1
*** HOLE CARDS ***
Dealt to eeaade2 
Dealt to 43670060 
Dealt to Hero [3d 6s]
Dealt to 3644aa7c 
Dealt to 2f5f9b3d 
Dealt to fc0661a 
3644aa7c: folds
2f5f9b3d: raises $0.1 to $0.2
fc0661a: folds
eeaade2: folds
43670060: folds
Hero: folds
Uncalled bet ($0.1) returned to 2f5f9b3d
*** SHOWDOWN ***
2f5f9b3d collected $0.25 from pot
*** SUMMARY ***
Total pot $0.25 | Rake $0 | Jackpot $0 | Bingo $0 | Fortune $0
Seat 1: eeaade2 (button) folded before Flop (didn't bet)
Seat 2: 43670060 (small blind) folded before Flop
Seat 3: Hero (big blind) folded before Flop
Seat 4: 3644aa7c folded before Flop (didn't bet)
Seat 5: 2f5f9b3d collected ($0.25)
Seat 6: fc0661a folded before Flop (didn't bet)


Poker Hand #RC1449836970: Hold'em No Limit  ($0.05/$0.1) - 2023/04/04 09:42:39
Table 'RushAndCash1642230' 6-max Seat #1 is the button
Seat 1: 4917c4b3 ($10.93 in chips)
Seat 2: 4f568344 ($15.85 in chips)
Seat 3: 400d3dd7 ($10.31 in chips)
Seat 4: 6b206e14 ($12.65 in chips)
Seat 5: Hero ($16.32 in chips)
Seat 6: f9fc5a ($10.39 in chips)
4f568344: posts small blind $0.05
400d3dd7: posts big blind $0.1
*** HOLE CARDS ***
Dealt to 4917c4b3 
Dealt to 4f568344 
Dealt to 400d3dd7 
Dealt to 6b206e14 
Dealt to Hero [5c Qc]
Dealt to f9fc5a 
6b206e14: folds
Hero: folds
f9fc5a: raises $0.14 to $0.24
4917c4b3: raises $0.48 to $0.72
4f568344: folds
400d3dd7: folds
f9fc5a: raises $1.08 to $1.8
4917c4b3: folds
Uncalled bet ($1.08) returned to f9fc5a
*** SHOWDOWN ***
f9fc5a collected $1.51 from pot
*** SUMMARY ***
Total pot $1.59 | Rake $0.08 | Jackpot $0 | Bingo $0 | Fortune $0
Seat 1: 4917c4b3 (button) folded before Flop
Seat 2: 4f568344 (small blind) folded before Flop
Seat 3: 400d3dd7 (big blind) folded before Flop
Seat 4: 6b206e14 folded before Flop (didn't bet)
Seat 5: Hero folded before Flop (didn't bet)
Seat 6: f9fc5a collected ($1.51)


Poker Hand #RC1449836870: Hold'em No Limit  ($0.05/$0.1) - 2023/04/04 09:42:23
Table 'RushAndCash1642130' 6-max Seat #1 is the button
Seat 1: dcc8ae00 ($14.85 in chips)
Seat 2: Hero ($16.37 in chips)
Seat 3: 47ec34c4 ($10.15 in chips)
Seat 4: 34a5140 ($14.56 in chips)
Seat 5: 190c24c2 ($16.62 in chips)
Seat 6: cd8e90ec ($11.41 in chips)
Hero: posts small blind $0.05
47ec34c4: posts big blind $0.1
*** HOLE CARDS ***
Dealt to dcc8ae00 
Dealt to Hero [9s Ks]
Dealt to 47ec34c4 
Dealt to 34a5140 
Dealt to 190c24c2 
Dealt to cd8e90ec 
34a5140: folds
190c24c2: folds
cd8e90ec: folds
dcc8ae00: raises $0.2 to $0.3
Hero: folds
47ec34c4: folds
Uncalled bet ($0.2) returned to dcc8ae00
*** SHOWDOWN ***
dcc8ae00 collected $0.25 from pot
*** SUMMARY ***
Total pot $0.25 | Rake $0 | Jackpot $0 | Bingo $0 | Fortune $0
Seat 1: dcc8ae00 (button) collected ($0.25)
Seat 2: Hero (small blind) folded before Flop
Seat 3: 47ec34c4 (big blind) folded before Flop
Seat 4: 34a5140 folded before Flop (didn't bet)
Seat 5: 190c24c2 folded before Flop (didn't bet)
Seat 6: cd8e90ec folded before Flop (didn't bet)


Poker Hand #RC1449836834: Hold'em No Limit  ($0.05/$0.1) - 2023/04/04 09:42:17
Table 'RushAndCash1642094' 6-max Seat #1 is the button
Seat 1: 63f8fd47 ($10.46 in chips)
Seat 2: 30807175 ($11.34 in chips)
Seat 3: 1abf89d8 ($11.38 in chips)
Seat 4: Hero ($16.37 in chips)
Seat 5: 4592ea0b ($10.41 in chips)
Seat 6: a093d9ab ($14.66 in chips)
30807175: posts small blind $0.05
1abf89d8: posts big blind $0.1
*** HOLE CARDS ***
Dealt to 63f8fd47 
Dealt to 30807175 
Dealt to 1abf89d8 
Dealt to Hero [7c 6d]
Dealt to 4592ea0b 
Dealt to a093d9ab 
Hero: folds
4592ea0b: folds
a093d9ab: folds
63f8fd47: folds
30807175: folds
Uncalled bet ($0.05) returned to 1abf89d8
*** SHOWDOWN ***
1abf89d8 collected $0.1 from pot
*** SUMMARY ***
Total pot $0.1 | Rake $0 | Jackpot $0 | Bingo $0 | Fortune $0
Seat 1: 63f8fd47 (button) folded before Flop (didn't bet)
Seat 2: 30807175 (small blind) folded before Flop
Seat 3: 1abf89d8 (big blind) collected ($0.1)
Seat 4: Hero folded before Flop (didn't bet)
Seat 5: 4592ea0b folded before Flop (didn't bet)
Seat 6: a093d9ab folded before Flop (didn't bet)


Poker Hand #RC1449836768: Hold'em No Limit  ($0.05/$0.1) - 2023/04/04 09:42:06
Table 'RushAndCash1642028' 6-max Seat #1 is the button
Seat 1: Hero ($16.37 in chips)
Seat 2: 47cc4c81 ($14.09 in chips)
Seat 3: 34a5140 ($14.71 in chips)
Seat 4: d495a1ad ($11.29 in chips)
Seat 5: a4739828 ($39.7 in chips)
Seat 6: c5d39f41 ($12.97 in chips)
47cc4c81: posts small blind $0.05
34a5140: posts big blind $0.1
*** HOLE CARDS ***
Dealt to Hero [Qd Ts]
Dealt to 47cc4c81 
Dealt to 34a5140 
Dealt to d495a1ad 
Dealt to a4739828 
Dealt to c5d39f41 
d495a1ad: folds
a4739828: raises $0.11 to $0.21
c5d39f41: folds
Hero: folds
47cc4c81: folds
34a5140: folds
Uncalled bet ($0.11) returned to a4739828
*** SHOWDOWN ***
a4739828 collected $0.25 from pot
*** SUMMARY ***
Total pot $0.25 | Rake $0 | Jackpot $0 | Bingo $0 | Fortune $0
Seat 1: Hero (button) folded before Flop (didn't bet)
Seat 2: 47cc4c81 (small blind) folded before Flop
Seat 3: 34a5140 (big blind) folded before Flop
Seat 4: d495a1ad folded before Flop (didn't bet)
Seat 5: a4739828 collected ($0.25)
Seat 6: c5d39f41 folded before Flop (didn't bet)


Poker Hand #RC1449836683: Hold'em No Limit  ($0.05/$0.1) - 2023/04/04 09:41:52
Table 'RushAndCash1641943' 6-max Seat #1 is the button
Seat 1: Hero ($16.37 in chips)
Seat 2: acc6364a ($10.25 in chips)
Seat 3: 47ec34c4 ($10.15 in chips)
Seat 4: b981b91e ($10.59 in chips)
Seat 5: 8644328f ($11.08 in chips)
Seat 6: 7e5f81d6 ($44.8 in chips)
acc6364a: posts small blind $0.05
47ec34c4: posts big blind $0.1
*** HOLE CARDS ***
Dealt to Hero [Qs 7d]
Dealt to acc6364a 
Dealt to 47ec34c4 
Dealt to b981b91e 
Dealt to 8644328f 
Dealt to 7e5f81d6 
b981b91e: folds
8644328f: folds
7e5f81d6: folds
Hero: folds
acc6364a: folds
Uncalled bet ($0.05) returned to 47ec34c4
*** SHOWDOWN ***
47ec34c4 collected $0.1 from pot
*** SUMMARY ***
Total pot $0.1 | Rake $0 | Jackpot $0 | Bingo $0 | Fortune $0
Seat 1: Hero (button) folded before Flop (didn't bet)
Seat 2: acc6364a (small blind) folded before Flop
Seat 3: 47ec34c4 (big blind) collected ($0.1)
Seat 4: b981b91e folded before Flop (didn't bet)
Seat 5: 8644328f folded before Flop (didn't bet)
Seat 6: 7e5f81d6 folded before Flop (didn't bet)


Poker Hand #RC1449836601: Hold'em No Limit  ($0.05/$0.1) - 2023/04/04 09:41:39
Table 'RushAndCash1641861' 6-max Seat #1 is the button
Seat 1: d13b4713 ($10.92 in chips)
Seat 2: Hero ($16.42 in chips)
Seat 3: 28122761 ($1.77 in chips)
Seat 4: a893889 ($10 in chips)
Seat 5: ad6030b8 ($8.22 in chips)
Seat 6: 68a4ba7a ($12.62 in chips)
Hero: posts small blind $0.05
28122761: posts big blind $0.1
*** HOLE CARDS ***
Dealt to d13b4713 
Dealt to Hero [7c 4s]
Dealt to 28122761 
Dealt to a893889 
Dealt to ad6030b8 
Dealt to 68a4ba7a 
a893889: folds
ad6030b8: folds
68a4ba7a: raises $0.13 to $0.23
d13b4713: folds
Hero: folds
28122761: folds
Uncalled bet ($0.13) returned to 68a4ba7a
*** SHOWDOWN ***
68a4ba7a collected $0.25 from pot
*** SUMMARY ***
Total pot $0.25 | Rake $0 | Jackpot $0 | Bingo $0 | Fortune $0
Seat 1: d13b4713 (button) folded before Flop (didn't bet)
Seat 2: Hero (small blind) folded before Flop
Seat 3: 28122761 (big blind) folded before Flop
Seat 4: a893889 folded before Flop (didn't bet)
Seat 5: ad6030b8 folded before Flop (didn't bet)
Seat 6: 68a4ba7a collected ($0.25)


Poker Hand #RC1449836532: Hold'em No Limit  ($0.05/$0.1) - 2023/04/04 09:41:26
Table 'RushAndCash1641792' 6-max Seat #1 is the button
Seat 1: dc6a34c8 ($11.31 in chips)
Seat 2: 1820a72c ($12.8 in chips)
Seat 3: Hero ($16.52 in chips)
Seat 4: 9f7f7b8b ($10.96 in chips)
Seat 5: 2f0ac69a ($5.82 in chips)
Seat 6: b011c566 ($10 in chips)
1820a72c: posts small blind $0.05
Hero: posts big blind $0.1
*** HOLE CARDS ***
Dealt to dc6a34c8 
Dealt to 1820a72c 
Dealt to Hero [8s 4d]
Dealt to 9f7f7b8b 
Dealt to 2f0ac69a 
Dealt to b011c566 
9f7f7b8b: raises $0.15 to $0.25
2f0ac69a: folds
b011c566: folds
dc6a34c8: folds
1820a72c: folds
Hero: folds
Uncalled bet ($0.15) returned to 9f7f7b8b
*** SHOWDOWN ***
9f7f7b8b collected $0.25 from pot
*** SUMMARY ***
Total pot $0.25 | Rake $0 | Jackpot $0 | Bingo $0 | Fortune $0
Seat 1: dc6a34c8 (button) folded before Flop (didn't bet)
Seat 2: 1820a72c (small blind) folded before Flop
Seat 3: Hero (big blind) folded before Flop
Seat 4: 9f7f7b8b collected ($0.25)
Seat 5: 2f0ac69a folded before Flop (didn't bet)
Seat 6: b011c566 folded before Flop (didn't bet)


Poker Hand #RC1449836489: Hold'em No Limit  ($0.05/$0.1) - 2023/04/04 09:41:19
Table 'RushAndCash1641749' 6-max Seat #1 is the button
Seat 1: 8f35becc ($9.95 in chips)
Seat 2: ce868988 ($10.25 in chips)
Seat 3: 8b593245 ($10 in chips)
Seat 4: Hero ($16.52 in chips)
Seat 5: c0abf0b0 ($18.22 in chips)
Seat 6: ad491909 ($7.2 in chips)
ce868988: posts small blind $0.05
8b593245: posts big blind $0.1
*** HOLE CARDS ***
Dealt to 8f35becc 
Dealt to ce868988 
Dealt to 8b593245 
Dealt to Hero [8d As]
Dealt to c0abf0b0 
Dealt to ad491909 
Hero: folds
c0abf0b0: raises $0.1 to $0.2
ad491909: folds
8f35becc: folds
ce868988: folds
8b593245: calls $0.1
*** FLOP *** [5d 2d 6c]
8b593245: checks
c0abf0b0: bets $0.15
8b593245: folds
Uncalled bet ($0.15) returned to c0abf0b0
*** SHOWDOWN ***
c0abf0b0 collected $0.43 from pot
*** SUMMARY ***
Total pot $0.45 | Rake $0.02 | Jackpot $0 | Bingo $0 | Fortune $0
Board [5d 2d 6c]
Seat 1: 8f35becc (button) folded before Flop (didn't bet)
Seat 2: ce868988 (small blind) folded before Flop
Seat 3: 8b593245 (big blind) folded on the Flop
Seat 4: Hero folded before Flop (didn't bet)
Seat 5: c0abf0b0 won ($0.43)
Seat 6: ad491909 folded before Flop (didn't bet)


Poker Hand #RC1449836396: Hold'em No Limit  ($0.05/$0.1) - 2023/04/04 09:41:05
Table 'RushAndCash1641656' 6-max Seat #1 is the button
Seat 1: Hero ($16.52 in chips)
Seat 2: fa7b29e1 ($15.47 in chips)
Seat 3: 83b6d862 ($12.5 in chips)
Seat 4: c01f5d2c ($33.3 in chips)
Seat 5: bcdfe6bc ($13.02 in chips)
Seat 6: 4917c4b3 ($10.41 in chips)
fa7b29e1: posts small blind $0.05
83b6d862: posts big blind $0.1
*** HOLE CARDS ***
Dealt to Hero [4d Ah]
Dealt to fa7b29e1 
Dealt to 83b6d862 
Dealt to c01f5d2c 
Dealt to bcdfe6bc 
Dealt to 4917c4b3 
c01f5d2c: folds
bcdfe6bc: folds
4917c4b3: raises $0.15 to $0.25
Hero: folds
fa7b29e1: folds
83b6d862: folds
Uncalled bet ($0.15) returned to 4917c4b3
*** SHOWDOWN ***
4917c4b3 collected $0.25 from pot
*** SUMMARY ***
Total pot $0.25 | Rake $0 | Jackpot $0 | Bingo $0 | Fortune $0
Seat 1: Hero (button) folded before Flop (didn't bet)
Seat 2: fa7b29e1 (small blind) folded before Flop
Seat 3: 83b6d862 (big blind) folded before Flop
Seat 4: c01f5d2c folded before Flop (didn't bet)
Seat 5: bcdfe6bc folded before Flop (didn't bet)
Seat 6: 4917c4b3 collected ($0.25)


Poker Hand #RC1449836366: Hold'em No Limit  ($0.05/$0.1) - 2023/04/04 09:41:00
Table 'RushAndCash1641626' 6-max Seat #1 is the button
Seat 1: 472c8fe ($5.71 in chips)
Seat 2: a98920cf ($28.8 in chips)
Seat 3: b5dd070b ($12.42 in chips)
Seat 4: 5d11f538 ($19.96 in chips)
Seat 5: aa04a555 ($25.42 in chips)
Seat 6: Hero ($16.52 in chips)
a98920cf: posts small blind $0.05
b5dd070b: posts big blind $0.1
*** HOLE CARDS ***
Dealt to 472c8fe 
Dealt to a98920cf 
Dealt to b5dd070b 
Dealt to 5d11f538 
Dealt to aa04a555 
Dealt to Hero [5c Jc]
5d11f538: raises $0.1 to $0.2
aa04a555: folds
Hero: folds
472c8fe: folds
a98920cf: folds
b5dd070b: folds
Uncalled bet ($0.1) returned to 5d11f538
*** SHOWDOWN ***
5d11f538 collected $0.25 from pot
*** SUMMARY ***
Total pot $0.25 | Rake $0 | Jackpot $0 | Bingo $0 | Fortune $0
Seat 1: 472c8fe (button) folded before Flop (didn't bet)
Seat 2: a98920cf (small blind) folded before Flop
Seat 3: b5dd070b (big blind) folded before Flop
Seat 4: 5d11f538 collected ($0.25)
Seat 5: aa04a555 folded before Flop (didn't bet)
Seat 6: Hero folded before Flop (didn't bet)


Poker Hand #RC1449836337: Hold'em No Limit  ($0.05/$0.1) - 2023/04/04 09:40:56
Table 'RushAndCash1641597' 6-max Seat #1 is the button
Seat 1: b5b03a3a ($4.85 in chips)
Seat 2: a6fbb7ed ($8.5 in chips)
Seat 3: 8f2bee09 ($86.67 in chips)
Seat 4: Hero ($16.52 in chips)
Seat 5: d374a8be ($14.72 in chips)
Seat 6: 24ed35d9 ($11.11 in chips)
a6fbb7ed: posts small blind $0.05
8f2bee09: posts big blind $0.1
*** HOLE CARDS ***
Dealt to b5b03a3a 
Dealt to a6fbb7ed 
Dealt to 8f2bee09 
Dealt to Hero [2s 8d]
Dealt to d374a8be 
Dealt to 24ed35d9 
Hero: folds
d374a8be: folds
24ed35d9: raises $0.15 to $0.25
b5b03a3a: calls $0.25
a6fbb7ed: folds
8f2bee09: folds
*** FLOP *** [7h 4c 5s]
24ed35d9: checks
b5b03a3a: checks
*** TURN *** [7h 4c 5s] [6s]
24ed35d9: checks
b5b03a3a: checks
*** RIVER *** [7h 4c 5s 6s] [6d]
24ed35d9: checks
b5b03a3a: checks
24ed35d9: shows [9h Ah] (Pair of Sixes)
b5b03a3a: shows [As Td] (Pair of Sixes)
*** SHOWDOWN ***
b5b03a3a collected $0.62 from pot
*** SUMMARY ***
Total pot $0.65 | Rake $0.03 | Jackpot $0 | Bingo $0 | Fortune $0
Board [7h 4c 5s 6s 6d]
Seat 1: b5b03a3a (button) showed [As Td] and won ($0.62) with Pair of Sixes
Seat 2: a6fbb7ed (small blind) folded before Flop
Seat 3: 8f2bee09 (big blind) folded before Flop
Seat 4: Hero folded before Flop (didn't bet)
Seat 5: d374a8be folded before Flop (didn't bet)
Seat 6: 24ed35d9 showed [9h Ah] and lost with Pair of Sixes


Poker Hand #RC1449836306: Hold'em No Limit  ($0.05/$0.1) - 2023/04/04 09:40:51
Table 'RushAndCash1641566' 6-max Seat #1 is the button
Seat 1: 88dda46 ($19.98 in chips)
Seat 2: 5b03a77e ($32.67 in chips)
Seat 3: d9d4ad34 ($12.42 in chips)
Seat 4: 5629dec0 ($14.51 in chips)
Seat 5: be0294de ($2.71 in chips)
Seat 6: Hero ($16.52 in chips)
5b03a77e: posts small blind $0.05
d9d4ad34: posts big blind $0.1
*** HOLE CARDS ***
Dealt to 88dda46 
Dealt to 5b03a77e 
Dealt to d9d4ad34 
Dealt to 5629dec0 
Dealt to be0294de 
Dealt to Hero [Qs 9d]
5629dec0: folds
be0294de: folds
Hero: folds
88dda46: folds
5b03a77e: folds
Uncalled bet ($0.05) returned to d9d4ad34
*** SHOWDOWN ***
d9d4ad34 collected $0.1 from pot
*** SUMMARY ***
Total pot $0.1 | Rake $0 | Jackpot $0 | Bingo $0 | Fortune $0
Seat 1: 88dda46 (button) folded before Flop (didn't bet)
Seat 2: 5b03a77e (small blind) folded before Flop
Seat 3: d9d4ad34 (big blind) collected ($0.1)
Seat 4: 5629dec0 folded before Flop (didn't bet)
Seat 5: be0294de folded before Flop (didn't bet)
Seat 6: Hero folded before Flop (didn't bet)


Poker Hand #RC1449836112: Hold'em No Limit  ($0.05/$0.1) - 2023/04/04 09:40:19
Table 'RushAndCash1641372' 6-max Seat #1 is the button
Seat 1: 8fd206e1 ($11.6 in chips)
Seat 2: Hero ($16.57 in chips)
Seat 3: 51ce9fc5 ($9.62 in chips)
Seat 4: 65575369 ($10.31 in chips)
Seat 5: 76fb6693 ($10.28 in chips)
Seat 6: 393c1ed ($15.92 in chips)
Hero: posts small blind $0.05
51ce9fc5: posts big blind $0.1
*** HOLE CARDS ***
Dealt to 8fd206e1 
Dealt to Hero [2d 3d]
Dealt to 51ce9fc5 
Dealt to 65575369 
Dealt to 76fb6693 
Dealt to 393c1ed 
65575369: folds
76fb6693: raises $0.1 to $0.2
393c1ed: folds
8fd206e1: folds
Hero: folds
51ce9fc5: folds
Uncalled bet ($0.1) returned to 76fb6693
*** SHOWDOWN ***
76fb6693 collected $0.25 from pot
*** SUMMARY ***
Total pot $0.25 | Rake $0 | Jackpot $0 | Bingo $0 | Fortune $0
Seat 1: 8fd206e1 (button) folded before Flop (didn't bet)
Seat 2: Hero (small blind) folded before Flop
Seat 3: 51ce9fc5 (big blind) folded before Flop
Seat 4: 65575369 folded before Flop (didn't bet)
Seat 5: 76fb6693 collected ($0.25)
Seat 6: 393c1ed folded before Flop (didn't bet)


Poker Hand #RC1449836015: Hold'em No Limit  ($0.05/$0.1) - 2023/04/04 09:40:02
Table 'RushAndCash1641275' 6-max Seat #1 is the button
Seat 1: 3993d9e5 ($13.94 in chips)
Seat 2: 7ca28bf1 ($10.21 in chips)
Seat 3: Hero ($16.67 in chips)
Seat 4: daf59de1 ($10 in chips)
Seat 5: 299b4034 ($13.55 in chips)
Seat 6: 353fdeec ($11.02 in chips)
7ca28bf1: posts small blind $0.05
Hero: posts big blind $0.1
*** HOLE CARDS ***
Dealt to 3993d9e5 
Dealt to 7ca28bf1 
Dealt to Hero [Jc 3s]
Dealt to daf59de1 
Dealt to 299b4034 
Dealt to 353fdeec 
daf59de1: folds
299b4034: folds
353fdeec: folds
3993d9e5: raises $0.15 to $0.25
7ca28bf1: folds
Hero: folds
Uncalled bet ($0.15) returned to 3993d9e5
*** SHOWDOWN ***
3993d9e5 collected $0.25 from pot
*** SUMMARY ***
Total pot $0.25 | Rake $0 | Jackpot $0 | Bingo $0 | Fortune $0
Seat 1: 3993d9e5 (button) collected ($0.25)
Seat 2: 7ca28bf1 (small blind) folded before Flop
Seat 3: Hero (big blind) folded before Flop
Seat 4: daf59de1 folded before Flop (didn't bet)
Seat 5: 299b4034 folded before Flop (didn't bet)
Seat 6: 353fdeec folded before Flop (didn't bet)


Poker Hand #RC1449835887: Hold'em No Limit  ($0.05/$0.1) - 2023/04/04 09:39:42
Table 'RushAndCash1641147' 6-max Seat #1 is the button
Seat 1: aa04a555 ($11.13 in chips)
Seat 2: 34ddcc9e ($19.74 in chips)
Seat 3: 6debacff ($35.57 in chips)
Seat 4: dcc8ae00 ($15.2 in chips)
Seat 5: Hero ($16.52 in chips)
Seat 6: a093d9ab ($14.12 in chips)
34ddcc9e: posts small blind $0.05
6debacff: posts big blind $0.1
*** HOLE CARDS ***
Dealt to aa04a555 
Dealt to 34ddcc9e 
Dealt to 6debacff 
Dealt to dcc8ae00 
Dealt to Hero [7h 8h]
Dealt to a093d9ab 
dcc8ae00: folds
Hero: raises $0.15 to $0.25
a093d9ab: folds
aa04a555: folds
34ddcc9e: folds
6debacff: folds
Uncalled bet ($0.15) returned to Hero
*** SHOWDOWN ***
Hero collected $0.25 from pot
*** SUMMARY ***
Total pot $0.25 | Rake $0 | Jackpot $0 | Bingo $0 | Fortune $0
Seat 1: aa04a555 (button) folded before Flop (didn't bet)
Seat 2: 34ddcc9e (small blind) folded before Flop
Seat 3: 6debacff (big blind) folded before Flop
Seat 4: dcc8ae00 folded before Flop (didn't bet)
Seat 5: Hero collected ($0.25)
Seat 6: a093d9ab folded before Flop (didn't bet)


Poker Hand #RC1449835856: Hold'em No Limit  ($0.05/$0.1) - 2023/04/04 09:39:37
Table 'RushAndCash1641116' 6-max Seat #1 is the button
Seat 1: 56a35bdc ($13.16 in chips)
Seat 2: 4d82a0d2 ($13.36 in chips)
Seat 3: 5c7f2a40 ($10.68 in chips)
Seat 4: Hero ($16.52 in chips)
Seat 5: 8216f09 ($11.71 in chips)
Seat 6: 5565d324 ($10 in chips)
4d82a0d2: posts small blind $0.05
5c7f2a40: posts big blind $0.1
*** HOLE CARDS ***
Dealt to 56a35bdc 
Dealt to 4d82a0d2 
Dealt to 5c7f2a40 
Dealt to Hero [9d Jc]
Dealt to 8216f09 
Dealt to 5565d324 
Hero: folds
8216f09: raises $0.1 to $0.2
5565d324: folds
56a35bdc: folds
4d82a0d2: folds
5c7f2a40: folds
Uncalled bet ($0.1) returned to 8216f09
*** SHOWDOWN ***
8216f09 collected $0.25 from pot
*** SUMMARY ***
Total pot $0.25 | Rake $0 | Jackpot $0 | Bingo $0 | Fortune $0
Seat 1: 56a35bdc (button) folded before Flop (didn't bet)
Seat 2: 4d82a0d2 (small blind) folded before Flop
Seat 3: 5c7f2a40 (big blind) folded before Flop
Seat 4: Hero folded before Flop (didn't bet)
Seat 5: 8216f09 collected ($0.25)
Seat 6: 5565d324 folded before Flop (didn't bet)


Poker Hand #RC1449835813: Hold'em No Limit  ($0.05/$0.1) - 2023/04/04 09:39:29
Table 'RushAndCash1641073' 6-max Seat #1 is the button
Seat 1: Hero ($16.52 in chips)
Seat 2: dcacc2c5 ($10 in chips)
Seat 3: 1f4d6335 ($5.3 in chips)
Seat 4: fb13be8f ($10.96 in chips)
Seat 5: 2aba70e1 ($10 in chips)
Seat 6: 77102515 ($8.62 in chips)
dcacc2c5: posts small blind $0.05
1f4d6335: posts big blind $0.1
*** HOLE CARDS ***
Dealt to Hero [5h Js]
Dealt to dcacc2c5 
Dealt to 1f4d6335 
Dealt to fb13be8f 
Dealt to 2aba70e1 
Dealt to 77102515 
fb13be8f: folds
2aba70e1: folds
77102515: folds
Hero: folds
dcacc2c5: raises $0.2 to $0.3
1f4d6335: folds
Uncalled bet ($0.2) returned to dcacc2c5
*** SHOWDOWN ***
dcacc2c5 collected $0.2 from pot
*** SUMMARY ***
Total pot $0.2 | Rake $0 | Jackpot $0 | Bingo $0 | Fortune $0
Seat 1: Hero (button) folded before Flop (didn't bet)
Seat 2: dcacc2c5 (small blind) collected ($0.2)
Seat 3: 1f4d6335 (big blind) folded before Flop
Seat 4: fb13be8f folded before Flop (didn't bet)
Seat 5: 2aba70e1 folded before Flop (didn't bet)
Seat 6: 77102515 folded before Flop (didn't bet)


Poker Hand #RC1449835749: Hold'em No Limit  ($0.05/$0.1) - 2023/04/04 09:39:19
Table 'RushAndCash1641009' 6-max Seat #1 is the button
Seat 1: 6ab11192 ($10 in chips)
Seat 2: 5c3d76d6 ($10.2 in chips)
Seat 3: Hero ($16.62 in chips)
Seat 4: d13b4713 ($10.84 in chips)
Seat 5: 144231b9 ($9.31 in chips)
Seat 6: 18e76744 ($10 in chips)
5c3d76d6: posts small blind $0.05
Hero: posts big blind $0.1
*** HOLE CARDS ***
Dealt to 6ab11192 
Dealt to 5c3d76d6 
Dealt to Hero [4d 9h]
Dealt to d13b4713 
Dealt to 144231b9 
Dealt to 18e76744 
d13b4713: folds
144231b9: raises $0.15 to $0.25
18e76744: folds
6ab11192: folds
5c3d76d6: folds
Hero: folds
Uncalled bet ($0.15) returned to 144231b9
*** SHOWDOWN ***
144231b9 collected $0.25 from pot
*** SUMMARY ***
Total pot $0.25 | Rake $0 | Jackpot $0 | Bingo $0 | Fortune $0
Seat 1: 6ab11192 (button) folded before Flop (didn't bet)
Seat 2: 5c3d76d6 (small blind) folded before Flop
Seat 3: Hero (big blind) folded before Flop
Seat 4: d13b4713 folded before Flop (didn't bet)
Seat 5: 144231b9 collected ($0.25)
Seat 6: 18e76744 folded before Flop (didn't bet)


Poker Hand #RC1449835633: Hold'em No Limit  ($0.05/$0.1) - 2023/04/04 09:38:59
Table 'RushAndCash1640893' 6-max Seat #1 is the button
Seat 1: 7ca28bf1 ($10.23 in chips)
Seat 2: Hero ($16.67 in chips)
Seat 3: a9e255e8 ($10.96 in chips)
Seat 4: f99b914a ($42.02 in chips)
Seat 5: 1e61e0db ($12.25 in chips)
Seat 6: 139209c8 ($10.46 in chips)
Hero: posts small blind $0.05
a9e255e8: posts big blind $0.1
*** HOLE CARDS ***
Dealt to 7ca28bf1 
Dealt to Hero [Qs 8c]
Dealt to a9e255e8 
Dealt to f99b914a 
Dealt to 1e61e0db 
Dealt to 139209c8 
f99b914a: folds
1e61e0db: folds
139209c8: folds
7ca28bf1: raises $0.1 to $0.2
Hero: folds
a9e255e8: calls $0.1
*** FLOP *** [6d Jc 4c]
a9e255e8: checks
7ca28bf1: bets $0.15
a9e255e8: folds
Uncalled bet ($0.15) returned to 7ca28bf1
*** SHOWDOWN ***
7ca28bf1 collected $0.43 from pot
*** SUMMARY ***
Total pot $0.45 | Rake $0.02 | Jackpot $0 | Bingo $0 | Fortune $0
Board [6d Jc 4c]
Seat 1: 7ca28bf1 (button) won ($0.43)
Seat 2: Hero (small blind) folded before Flop
Seat 3: a9e255e8 (big blind) folded on the Flop
Seat 4: f99b914a folded before Flop (didn't bet)
Seat 5: 1e61e0db folded before Flop (didn't bet)
Seat 6: 139209c8 folded before Flop (didn't bet)


Poker Hand #RC1449835609: Hold'em No Limit  ($0.05/$0.1) - 2023/04/04 09:38:55
Table 'RushAndCash1640869' 6-max Seat #1 is the button
Seat 1: 299b4034 ($13.32 in chips)
Seat 2: 5c7f2a40 ($10 in chips)
Seat 3: e7ed6412 ($12.64 in chips)
Seat 4: ddda056e ($12.98 in chips)
Seat 5: Hero ($16.67 in chips)
Seat 6: 95c12ec4 ($16.95 in chips)
5c7f2a40: posts small blind $0.05
e7ed6412: posts big blind $0.1
*** HOLE CARDS ***
Dealt to 299b4034 
Dealt to 5c7f2a40 
Dealt to e7ed6412 
Dealt to ddda056e 
Dealt to Hero [Qc 8d]
Dealt to 95c12ec4 
ddda056e: folds
Hero: folds
95c12ec4: folds
299b4034: folds
5c7f2a40: folds
Uncalled bet ($0.05) returned to e7ed6412
*** SHOWDOWN ***
e7ed6412 collected $0.1 from pot
*** SUMMARY ***
Total pot $0.1 | Rake $0 | Jackpot $0 | Bingo $0 | Fortune $0
Seat 1: 299b4034 (button) folded before Flop (didn't bet)
Seat 2: 5c7f2a40 (small blind) folded before Flop
Seat 3: e7ed6412 (big blind) collected ($0.1)
Seat 4: ddda056e folded before Flop (didn't bet)
Seat 5: Hero folded before Flop (didn't bet)
Seat 6: 95c12ec4 folded before Flop (didn't bet)


Poker Hand #RC1449835374: Hold'em No Limit  ($0.05/$0.1) - 2023/04/04 09:38:16
Table 'RushAndCash1640634' 6-max Seat #1 is the button
Seat 1: 2b781ad6 ($10 in chips)
Seat 2: 59303cc5 ($4.19 in chips)
Seat 3: c01f5d2c ($30.11 in chips)
Seat 4: 95c12ec4 ($15.89 in chips)
Seat 5: 32cf9ed8 ($9.23 in chips)
Seat 6: Hero ($17.69 in chips)
59303cc5: posts small blind $0.05
c01f5d2c: posts big blind $0.1
*** HOLE CARDS ***
Dealt to 2b781ad6 
Dealt to 59303cc5 
Dealt to c01f5d2c 
Dealt to 95c12ec4 
Dealt to 32cf9ed8 
Dealt to Hero [Js Jh]
95c12ec4: raises $0.1 to $0.2
32cf9ed8: folds
Hero: raises $0.42 to $0.62
2b781ad6: folds
59303cc5: folds
c01f5d2c: folds
95c12ec4: calls $0.42
*** FLOP *** [8d 9c 6h]
95c12ec4: checks
Hero: bets $0.4
95c12ec4: raises $0.95 to $1.35
Hero: folds
Uncalled bet ($0.95) returned to 95c12ec4
*** SHOWDOWN ***
95c12ec4 collected $2.08 from pot
*** SUMMARY ***
Total pot $2.19 | Rake $0.11 | Jackpot $0 | Bingo $0 | Fortune $0
Board [8d 9c 6h]
Seat 1: 2b781ad6 (button) folded before Flop (didn't bet)
Seat 2: 59303cc5 (small blind) folded before Flop
Seat 3: c01f5d2c (big blind) folded before Flop
Seat 4: 95c12ec4 won ($2.08)
Seat 5: 32cf9ed8 folded before Flop (didn't bet)
Seat 6: Hero folded on the Flop


Poker Hand #RC1449835299: Hold'em No Limit  ($0.05/$0.1) - 2023/04/04 09:38:04
Table 'RushAndCash1640559' 6-max Seat #1 is the button
Seat 1: Hero ($17.69 in chips)
Seat 2: 70198dc9 ($12.14 in chips)
Seat 3: c0abf0b0 ($18.18 in chips)
Seat 4: 1e61e0db ($12.1 in chips)
Seat 5: 8f69b29f ($18.99 in chips)
Seat 6: ad6030b8 ($10.46 in chips)
70198dc9: posts small blind $0.05
c0abf0b0: posts big blind $0.1
*** HOLE CARDS ***
Dealt to Hero [4c 6d]
Dealt to 70198dc9 
Dealt to c0abf0b0 
Dealt to 1e61e0db 
Dealt to 8f69b29f 
Dealt to ad6030b8 
1e61e0db: folds
8f69b29f: folds
ad6030b8: folds
Hero: folds
70198dc9: raises $0.15 to $0.25
c0abf0b0: calls $0.15
*** FLOP *** [Ks 8d 6h]
70198dc9: checks
c0abf0b0: checks
*** TURN *** [Ks 8d 6h] [Ts]
70198dc9: bets $0.25
c0abf0b0: calls $0.25
*** RIVER *** [Ks 8d 6h Ts] [3h]
70198dc9: checks
c0abf0b0: checks
70198dc9: shows [Qd Qh] (Pair of Queens)
c0abf0b0: shows [8h 5h] (Pair of Eights)
*** SHOWDOWN ***
70198dc9 collected $0.95 from pot
*** SUMMARY ***
Total pot $1 | Rake $0.05 | Jackpot $0 | Bingo $0 | Fortune $0
Board [Ks 8d 6h Ts 3h]
Seat 1: Hero (button) folded before Flop (didn't bet)
Seat 2: 70198dc9 (small blind) showed [Qd Qh] and won ($0.95) with Pair of Queens
Seat 3: c0abf0b0 (big blind) showed [8h 5h] and lost with Pair of Eights
Seat 4: 1e61e0db folded before Flop (didn't bet)
Seat 5: 8f69b29f folded before Flop (didn't bet)
Seat 6: ad6030b8 folded before Flop (didn't bet)


Poker Hand #RC1449834954: Hold'em No Limit  ($0.05/$0.1) - 2023/04/04 09:37:04
Table 'RushAndCash1640214' 6-max Seat #1 is the button
Seat 1: 4af1340e ($10 in chips)
Seat 2: cae354f5 ($10 in chips)
Seat 3: f86e8209 ($11.57 in chips)
Seat 4: Hero ($18.16 in chips)
Seat 5: 6dcd9cac ($12.23 in chips)
Seat 6: ad6030b8 ($9.89 in chips)
cae354f5: posts small blind $0.05
f86e8209: posts big blind $0.1
*** HOLE CARDS ***
Dealt to 4af1340e 
Dealt to cae354f5 
Dealt to f86e8209 
Dealt to Hero [Qd Ks]
Dealt to 6dcd9cac 
Dealt to ad6030b8 
Hero: raises $0.15 to $0.25
6dcd9cac: folds
ad6030b8: calls $0.25
4af1340e: folds
cae354f5: folds
f86e8209: folds
*** FLOP *** [Ah 4c 2d]
Hero: checks
ad6030b8: bets $0.22
Hero: calls $0.22
*** TURN *** [Ah 4c 2d] [Js]
Hero: checks
ad6030b8: checks
*** RIVER *** [Ah 4c 2d Js] [7d]
Hero: checks
ad6030b8: checks
Hero: shows [Qd Ks] (Ace-High)
ad6030b8: shows [6c 6s] (Pair of Sixes)
*** SHOWDOWN ***
ad6030b8 collected $1.04 from pot
*** SUMMARY ***
Total pot $1.09 | Rake $0.05 | Jackpot $0 | Bingo $0 | Fortune $0
Board [Ah 4c 2d Js 7d]
Seat 1: 4af1340e (button) folded before Flop (didn't bet)
Seat 2: cae354f5 (small blind) folded before Flop
Seat 3: f86e8209 (big blind) folded before Flop
Seat 4: Hero showed [Qd Ks] and lost with Ace-High
Seat 5: 6dcd9cac folded before Flop (didn't bet)
Seat 6: ad6030b8 showed [6c 6s] and won ($1.04) with Pair of Sixes


Poker Hand #RC1449804674: Hold'em No Limit  ($0.05/$0.1) - 2023/04/04 09:36:18
Table 'RushAndCash1639934' 6-max Seat #1 is the button
Seat 1: 1a2445e3 ($9.54 in chips)
Seat 2: 9d2ec4e3 ($13.93 in chips)
Seat 3: 1abf89d8 ($10.72 in chips)
Seat 4: 4f568344 ($14.1 in chips)
Seat 5: af268ee1 ($10 in chips)
Seat 6: Hero ($18.69 in chips)
9d2ec4e3: posts small blind $0.05
1abf89d8: posts big blind $0.1
*** HOLE CARDS ***
Dealt to 1a2445e3 
Dealt to 9d2ec4e3 
Dealt to 1abf89d8 
Dealt to 4f568344 
Dealt to af268ee1 
Dealt to Hero [6c 8c]
4f568344: folds
af268ee1: folds
Hero: raises $0.15 to $0.25
1a2445e3: folds
9d2ec4e3: folds
1abf89d8: calls $0.15
*** FLOP *** [9s Jd 5c]
1abf89d8: checks
Hero: bets $0.28
1abf89d8: calls $0.28
*** TURN *** [9s Jd 5c] [2s]
1abf89d8: checks
Hero: checks
*** RIVER *** [9s Jd 5c 2s] [Qs]
1abf89d8: bets $0.74
Hero: folds
Uncalled bet ($0.74) returned to 1abf89d8
*** SHOWDOWN ***
1abf89d8 collected $1.06 from pot
*** SUMMARY ***
Total pot $1.11 | Rake $0.05 | Jackpot $0 | Bingo $0 | Fortune $0
Board [9s Jd 5c 2s Qs]
Seat 1: 1a2445e3 (button) folded before Flop (didn't bet)
Seat 2: 9d2ec4e3 (small blind) folded before Flop
Seat 3: 1abf89d8 (big blind) won ($1.06)
Seat 4: 4f568344 folded before Flop (didn't bet)
Seat 5: af268ee1 folded before Flop (didn't bet)
Seat 6: Hero folded on the River


Poker Hand #RC1449804592: Hold'em No Limit  ($0.05/$0.1) - 2023/04/04 09:36:05
Table 'RushAndCash1639852' 6-max Seat #1 is the button
Seat 1: 3786c04b ($9.27 in chips)
Seat 2: 91283eb3 ($11.87 in chips)
Seat 3: Hero ($18.79 in chips)
Seat 4: d9e3d440 ($14.2 in chips)
Seat 5: 81c71f4f ($8.74 in chips)
Seat 6: 49f92d6a ($23.51 in chips)
91283eb3: posts small blind $0.05
Hero: posts big blind $0.1
*** HOLE CARDS ***
Dealt to 3786c04b 
Dealt to 91283eb3 
Dealt to Hero [4s 6h]
Dealt to d9e3d440 
Dealt to 81c71f4f 
Dealt to 49f92d6a 
d9e3d440: folds
81c71f4f: folds
49f92d6a: raises $0.15 to $0.25
3786c04b: calls $0.25
91283eb3: folds
Hero: folds
*** FLOP *** [2d 9h Th]
49f92d6a: checks
3786c04b: bets $0.33
49f92d6a: calls $0.33
*** TURN *** [2d 9h Th] [Kd]
49f92d6a: checks
3786c04b: checks
*** RIVER *** [2d 9h Th Kd] [Kc]
49f92d6a: checks
3786c04b: bets $0.66
49f92d6a: calls $0.66
3786c04b: shows [Tc Js] (Pair of Kings and Pair of Tens)
49f92d6a: shows [Qc 9c] (Pair of Kings and Pair of Nines)
*** SHOWDOWN ***
3786c04b collected $2.5 from pot
*** SUMMARY ***
Total pot $2.63 | Rake $0.13 | Jackpot $0 | Bingo $0 | Fortune $0
Board [2d 9h Th Kd Kc]
Seat 1: 3786c04b (button) showed [Tc Js] and won ($2.5) with Pair of Kings and Pair of Tens
Seat 2: 91283eb3 (small blind) folded before Flop
Seat 3: Hero (big blind) folded before Flop
Seat 4: d9e3d440 folded before Flop (didn't bet)
Seat 5: 81c71f4f folded before Flop (didn't bet)
Seat 6: 49f92d6a showed [Qc 9c] and lost with Pair of Kings and Pair of Nines


Poker Hand #RC1449804409: Hold'em No Limit  ($0.05/$0.1) - 2023/04/04 09:35:35
Table 'RushAndCash1639669' 6-max Seat #1 is the button
Seat 1: acf20c2a ($10.17 in chips)
Seat 2: Hero ($19.13 in chips)
Seat 3: 81c71f4f ($8.43 in chips)
Seat 4: 30807175 ($12.41 in chips)
Seat 5: ccf106b3 ($23.29 in chips)
Seat 6: 2143d367 ($4.85 in chips)
Hero: posts small blind $0.05
81c71f4f: posts big blind $0.1
*** HOLE CARDS ***
Dealt to acf20c2a 
Dealt to Hero [9d 2s]
Dealt to 81c71f4f 
Dealt to 30807175 
Dealt to ccf106b3 
Dealt to 2143d367 
30807175: folds
ccf106b3: folds
2143d367: folds
acf20c2a: folds
Hero: raises $0.1 to $0.2
81c71f4f: calls $0.1
*** FLOP *** [7s Jd 4d]
Hero: bets $0.14
81c71f4f: raises $0.55 to $0.69
Hero: folds
Uncalled bet ($0.55) returned to 81c71f4f
*** SHOWDOWN ***
81c71f4f collected $0.65 from pot
*** SUMMARY ***
Total pot $0.68 | Rake $0.03 | Jackpot $0 | Bingo $0 | Fortune $0
Board [7s Jd 4d]
Seat 1: acf20c2a (button) folded before Flop (didn't bet)
Seat 2: Hero (small blind) folded on the Flop
Seat 3: 81c71f4f (big blind) won ($0.65)
Seat 4: 30807175 folded before Flop (didn't bet)
Seat 5: ccf106b3 folded before Flop (didn't bet)
Seat 6: 2143d367 folded before Flop (didn't bet)


Poker Hand #RC1449804366: Hold'em No Limit  ($0.05/$0.1) - 2023/04/04 09:35:27
Table 'RushAndCash1639626' 6-max Seat #1 is the button
Seat 1: 63f8fd47 ($10.96 in chips)
Seat 2: e8d2b644 ($10.17 in chips)
Seat 3: 869da222 ($22.12 in chips)
Seat 4: Hero ($19.13 in chips)
Seat 5: 2143d367 ($4.85 in chips)
Seat 6: a90af427 ($26.21 in chips)
e8d2b644: posts small blind $0.05
869da222: posts big blind $0.1
*** HOLE CARDS ***
Dealt to 63f8fd47 
Dealt to e8d2b644 
Dealt to 869da222 
Dealt to Hero [8c Qd]
Dealt to 2143d367 
Dealt to a90af427 
Hero: folds
2143d367: folds
a90af427: folds
63f8fd47: folds
e8d2b644: folds
Uncalled bet ($0.05) returned to 869da222
*** SHOWDOWN ***
869da222 collected $0.1 from pot
*** SUMMARY ***
Total pot $0.1 | Rake $0 | Jackpot $0 | Bingo $0 | Fortune $0
Seat 1: 63f8fd47 (button) folded before Flop (didn't bet)
Seat 2: e8d2b644 (small blind) folded before Flop
Seat 3: 869da222 (big blind) collected ($0.1)
Seat 4: Hero folded before Flop (didn't bet)
Seat 5: 2143d367 folded before Flop (didn't bet)
Seat 6: a90af427 folded before Flop (didn't bet)


Poker Hand #RC1449804331: Hold'em No Limit  ($0.05/$0.1) - 2023/04/04 09:35:19
Table 'RushAndCash1639591' 6-max Seat #1 is the button
Seat 1: 1875fa8b ($15.16 in chips)
Seat 2: e3715187 ($30.67 in chips)
Seat 3: a63c7785 ($10.54 in chips)
Seat 4: f4e2fd45 ($10.05 in chips)
Seat 5: Hero ($19.13 in chips)
Seat 6: c0abf0b0 ($20.92 in chips)
e3715187: posts small blind $0.05
a63c7785: posts big blind $0.1
*** HOLE CARDS ***
Dealt to 1875fa8b 
Dealt to e3715187 
Dealt to a63c7785 
Dealt to f4e2fd45 
Dealt to Hero [8s 6d]
Dealt to c0abf0b0 
f4e2fd45: folds
Hero: folds
c0abf0b0: folds
1875fa8b: folds
e3715187: folds
Uncalled bet ($0.05) returned to a63c7785
*** SHOWDOWN ***
a63c7785 collected $0.1 from pot
*** SUMMARY ***
Total pot $0.1 | Rake $0 | Jackpot $0 | Bingo $0 | Fortune $0
Seat 1: 1875fa8b (button) folded before Flop (didn't bet)
Seat 2: e3715187 (small blind) folded before Flop
Seat 3: a63c7785 (big blind) collected ($0.1)
Seat 4: f4e2fd45 folded before Flop (didn't bet)
Seat 5: Hero folded before Flop (didn't bet)
Seat 6: c0abf0b0 folded before Flop (didn't bet)


Poker Hand #RC1449804298: Hold'em No Limit  ($0.05/$0.1) - 2023/04/04 09:35:13
Table 'RushAndCash1639558' 6-max Seat #1 is the button
Seat 1: Hero ($19.13 in chips)
Seat 2: a90af427 ($26.26 in chips)
Seat 3: 8c4b7aa ($23.25 in chips)
Seat 4: c3acf036 ($19.4 in chips)
Seat 5: 2e9df10a ($10.15 in chips)
Seat 6: df4c7a6e ($19.25 in chips)
a90af427: posts small blind $0.05
8c4b7aa: posts big blind $0.1
*** HOLE CARDS ***
Dealt to Hero [Qd 7h]
Dealt to a90af427 
Dealt to 8c4b7aa 
Dealt to c3acf036 
Dealt to 2e9df10a 
Dealt to df4c7a6e 
c3acf036: raises $0.15 to $0.25
2e9df10a: folds
df4c7a6e: folds
Hero: folds
a90af427: folds
8c4b7aa: folds
Uncalled bet ($0.15) returned to c3acf036
*** SHOWDOWN ***
c3acf036 collected $0.25 from pot
*** SUMMARY ***
Total pot $0.25 | Rake $0 | Jackpot $0 | Bingo $0 | Fortune $0
Seat 1: Hero (button) folded before Flop (didn't bet)
Seat 2: a90af427 (small blind) folded before Flop
Seat 3: 8c4b7aa (big blind) folded before Flop
Seat 4: c3acf036 collected ($0.25)
Seat 5: 2e9df10a folded before Flop (didn't bet)
Seat 6: df4c7a6e folded before Flop (didn't bet)


Poker Hand #RC1449804028: Hold'em No Limit  ($0.05/$0.1) - 2023/04/04 09:34:28
Table 'RushAndCash1639288' 6-max Seat #1 is the button
Seat 1: a6514ab4 ($9.81 in chips)
Seat 2: df4c7a6e ($19.55 in chips)
Seat 3: Hero ($18.86 in chips)
Seat 4: 39a4a091 ($12.79 in chips)
Seat 5: 2cd456b1 ($13.27 in chips)
Seat 6: 3295da9d ($10.66 in chips)
df4c7a6e: posts small blind $0.05
Hero: posts big blind $0.1
*** HOLE CARDS ***
Dealt to a6514ab4 
Dealt to df4c7a6e 
Dealt to Hero [Ac 7s]
Dealt to 39a4a091 
Dealt to 2cd456b1 
Dealt to 3295da9d 
39a4a091: folds
2cd456b1: folds
3295da9d: folds
a6514ab4: folds
df4c7a6e: raises $0.2 to $0.3
Hero: raises $0.5 to $0.8
df4c7a6e: folds
Uncalled bet ($0.5) returned to Hero
*** SHOWDOWN ***
Hero collected $0.57 from pot
*** SUMMARY ***
Total pot $0.6 | Rake $0.03 | Jackpot $0 | Bingo $0 | Fortune $0
Seat 1: a6514ab4 (button) folded before Flop (didn't bet)
Seat 2: df4c7a6e (small blind) folded before Flop
Seat 3: Hero (big blind) collected ($0.57)
Seat 4: 39a4a091 folded before Flop (didn't bet)
Seat 5: 2cd456b1 folded before Flop (didn't bet)
Seat 6: 3295da9d folded before Flop (didn't bet)


Poker Hand #RC1449803912: Hold'em No Limit  ($0.05/$0.1) - 2023/04/04 09:34:09
Table 'RushAndCash1639172' 6-max Seat #1 is the button
Seat 1: bbc70747 ($16.81 in chips)
Seat 2: 45c8ae4e ($10.69 in chips)
Seat 3: 4e7a00aa ($9.78 in chips)
Seat 4: 869da222 ($21.57 in chips)
Seat 5: d0941015 ($13.59 in chips)
Seat 6: Hero ($18.86 in chips)
45c8ae4e: posts small blind $0.05
4e7a00aa: posts big blind $0.1
*** HOLE CARDS ***
Dealt to bbc70747 
Dealt to 45c8ae4e 
Dealt to 4e7a00aa 
Dealt to 869da222 
Dealt to d0941015 
Dealt to Hero [Qc 5s]
869da222: raises $0.2 to $0.3
d0941015: folds
Hero: folds
bbc70747: folds
45c8ae4e: folds
4e7a00aa: calls $0.2
*** FLOP *** [Jh 7c Qs]
4e7a00aa: checks
869da222: bets $0.22
4e7a00aa: folds
Uncalled bet ($0.22) returned to 869da222
*** SHOWDOWN ***
869da222 collected $0.62 from pot
*** SUMMARY ***
Total pot $0.65 | Rake $0.03 | Jackpot $0 | Bingo $0 | Fortune $0
Board [Jh 7c Qs]
Seat 1: bbc70747 (button) folded before Flop (didn't bet)
Seat 2: 45c8ae4e (small blind) folded before Flop
Seat 3: 4e7a00aa (big blind) folded on the Flop
Seat 4: 869da222 won ($0.62)
Seat 5: d0941015 folded before Flop (didn't bet)
Seat 6: Hero folded before Flop (didn't bet)


Poker Hand #RC1449803878: Hold'em No Limit  ($0.05/$0.1) - 2023/04/04 09:34:05
Table 'RushAndCash1639138' 6-max Seat #1 is the button
Seat 1: 564db205 ($18.52 in chips)
Seat 2: bb32b559 ($24.91 in chips)
Seat 3: 967d9a3c ($30.72 in chips)
Seat 4: d374a8be ($14.66 in chips)
Seat 5: Hero ($18.86 in chips)
Seat 6: b53abf26 ($17.02 in chips)
bb32b559: posts small blind $0.05
967d9a3c: posts big blind $0.1
*** HOLE CARDS ***
Dealt to 564db205 
Dealt to bb32b559 
Dealt to 967d9a3c 
Dealt to d374a8be 
Dealt to Hero [6s 5h]
Dealt to b53abf26 
d374a8be: raises $0.15 to $0.25
Hero: folds
b53abf26: folds
564db205: folds
bb32b559: folds
967d9a3c: folds
Uncalled bet ($0.15) returned to d374a8be
*** SHOWDOWN ***
d374a8be collected $0.25 from pot
*** SUMMARY ***
Total pot $0.25 | Rake $0 | Jackpot $0 | Bingo $0 | Fortune $0
Seat 1: 564db205 (button) folded before Flop (didn't bet)
Seat 2: bb32b559 (small blind) folded before Flop
Seat 3: 967d9a3c (big blind) folded before Flop
Seat 4: d374a8be collected ($0.25)
Seat 5: Hero folded before Flop (didn't bet)
Seat 6: b53abf26 folded before Flop (didn't bet)


Poker Hand #RC1449803815: Hold'em No Limit  ($0.05/$0.1) - 2023/04/04 09:33:52
Table 'RushAndCash1639075' 6-max Seat #1 is the button
Seat 1: 299b4034 ($11.42 in chips)
Seat 2: Hero ($18.91 in chips)
Seat 3: 43dafc08 ($27.72 in chips)
Seat 4: 440ac479 ($3.99 in chips)
Seat 5: 6ee5fd8d ($11.96 in chips)
Seat 6: b1b7c394 ($18.01 in chips)
Hero: posts small blind $0.05
43dafc08: posts big blind $0.1
*** HOLE CARDS ***
Dealt to 299b4034 
Dealt to Hero [5h Jd]
Dealt to 43dafc08 
Dealt to 440ac479 
Dealt to 6ee5fd8d 
Dealt to b1b7c394 
440ac479: folds
6ee5fd8d: raises $0.2 to $0.3
b1b7c394: folds
299b4034: folds
Hero: folds
43dafc08: folds
Uncalled bet ($0.2) returned to 6ee5fd8d
*** SHOWDOWN ***
6ee5fd8d collected $0.25 from pot
*** SUMMARY ***
Total pot $0.25 | Rake $0 | Jackpot $0 | Bingo $0 | Fortune $0
Seat 1: 299b4034 (button) folded before Flop (didn't bet)
Seat 2: Hero (small blind) folded before Flop
Seat 3: 43dafc08 (big blind) folded before Flop
Seat 4: 440ac479 folded before Flop (didn't bet)
Seat 5: 6ee5fd8d collected ($0.25)
Seat 6: b1b7c394 folded before Flop (didn't bet)


Poker Hand #RC1449803725: Hold'em No Limit  ($0.05/$0.1) - 2023/04/04 09:33:37
Table 'RushAndCash1638985' 6-max Seat #1 is the button
Seat 1: 400d3dd7 ($10 in chips)
Seat 2: 6495395e ($10.2 in chips)
Seat 3: 30be59f5 ($19.08 in chips)
Seat 4: Hero ($18.76 in chips)
Seat 5: 2a1f945a ($9.8 in chips)
Seat 6: a7f74c46 ($6.67 in chips)
6495395e: posts small blind $0.05
30be59f5: posts big blind $0.1
*** HOLE CARDS ***
Dealt to 400d3dd7 
Dealt to 6495395e 
Dealt to 30be59f5 
Dealt to Hero [8h 8d]
Dealt to 2a1f945a 
Dealt to a7f74c46 
Hero: raises $0.15 to $0.25
2a1f945a: folds
a7f74c46: folds
400d3dd7: folds
6495395e: folds
30be59f5: folds
Uncalled bet ($0.15) returned to Hero
*** SHOWDOWN ***
Hero collected $0.25 from pot
*** SUMMARY ***
Total pot $0.25 | Rake $0 | Jackpot $0 | Bingo $0 | Fortune $0
Seat 1: 400d3dd7 (button) folded before Flop (didn't bet)
Seat 2: 6495395e (small blind) folded before Flop
Seat 3: 30be59f5 (big blind) folded before Flop
Seat 4: Hero collected ($0.25)
Seat 5: 2a1f945a folded before Flop (didn't bet)
Seat 6: a7f74c46 folded before Flop (didn't bet)


Poker Hand #RC1449803676: Hold'em No Limit  ($0.05/$0.1) - 2023/04/04 09:33:29
Table 'RushAndCash1638936' 6-max Seat #1 is the button
Seat 1: 299b4034 ($11.27 in chips)
Seat 2: 22f07e7d ($14.29 in chips)
Seat 3: 7c95f285 ($9.53 in chips)
Seat 4: 50eb4ddf ($10.13 in chips)
Seat 5: Hero ($18.76 in chips)
Seat 6: e99a596f ($10.27 in chips)
22f07e7d: posts small blind $0.05
7c95f285: posts big blind $0.1
*** HOLE CARDS ***
Dealt to 299b4034 
Dealt to 22f07e7d 
Dealt to 7c95f285 
Dealt to 50eb4ddf 
Dealt to Hero [4c 3d]
Dealt to e99a596f 
50eb4ddf: folds
Hero: folds
e99a596f: folds
299b4034: folds
22f07e7d: folds
Uncalled bet ($0.05) returned to 7c95f285
*** SHOWDOWN ***
7c95f285 collected $0.1 from pot
*** SUMMARY ***
Total pot $0.1 | Rake $0 | Jackpot $0 | Bingo $0 | Fortune $0
Seat 1: 299b4034 (button) folded before Flop (didn't bet)
Seat 2: 22f07e7d (small blind) folded before Flop
Seat 3: 7c95f285 (big blind) collected ($0.1)
Seat 4: 50eb4ddf folded before Flop (didn't bet)
Seat 5: Hero folded before Flop (didn't bet)
Seat 6: e99a596f folded before Flop (didn't bet)


Poker Hand #RC1449803584: Hold'em No Limit  ($0.05/$0.1) - 2023/04/04 09:33:14
Table 'RushAndCash1638844' 6-max Seat #1 is the button
Seat 1: Hero ($18.61 in chips)
Seat 2: c6e3e6b3 ($9.75 in chips)
Seat 3: 67ce358b ($10.14 in chips)
Seat 4: c2b70aac ($18.54 in chips)
Seat 5: 967d9a3c ($30.82 in chips)
Seat 6: 39d18573 ($16.02 in chips)
c6e3e6b3: posts small blind $0.05
67ce358b: posts big blind $0.1
*** HOLE CARDS ***
Dealt to Hero [Js Ac]
Dealt to c6e3e6b3 
Dealt to 67ce358b 
Dealt to c2b70aac 
Dealt to 967d9a3c 
Dealt to 39d18573 
c2b70aac: folds
967d9a3c: folds
39d18573: folds
Hero: raises $0.15 to $0.25
c6e3e6b3: folds
67ce358b: folds
Uncalled bet ($0.15) returned to Hero
*** SHOWDOWN ***
Hero collected $0.25 from pot
*** SUMMARY ***
Total pot $0.25 | Rake $0 | Jackpot $0 | Bingo $0 | Fortune $0
Seat 1: Hero (button) collected ($0.25)
Seat 2: c6e3e6b3 (small blind) folded before Flop
Seat 3: 67ce358b (big blind) folded before Flop
Seat 4: c2b70aac folded before Flop (didn't bet)
Seat 5: 967d9a3c folded before Flop (didn't bet)
Seat 6: 39d18573 folded before Flop (didn't bet)


Poker Hand #RC1449803461: Hold'em No Limit  ($0.05/$0.1) - 2023/04/04 09:32:55
Table 'RushAndCash1638721' 6-max Seat #1 is the button
Seat 1: 1fa38aec ($12.92 in chips)
Seat 2: 997a28fc ($24.27 in chips)
Seat 3: Hero ($18.71 in chips)
Seat 4: 37ad8974 ($8.51 in chips)
Seat 5: 4c97c80 ($10.6 in chips)
Seat 6: 2aba70e1 ($14.69 in chips)
997a28fc: posts small blind $0.05
Hero: posts big blind $0.1
*** HOLE CARDS ***
Dealt to 1fa38aec 
Dealt to 997a28fc 
Dealt to Hero [3d 9c]
Dealt to 37ad8974 
Dealt to 4c97c80 
Dealt to 2aba70e1 
37ad8974: folds
4c97c80: folds
2aba70e1: raises $0.15 to $0.25
1fa38aec: raises $0.55 to $0.8
997a28fc: raises $1.47 to $2.27
Hero: folds
2aba70e1: folds
1fa38aec: calls $1.47
*** FLOP *** [3h 6c 4h]
997a28fc: bets $1.47
1fa38aec: calls $1.47
*** TURN *** [3h 6c 4h] [8s]
997a28fc: checks
1fa38aec: checks
*** RIVER *** [3h 6c 4h 8s] [2d]
997a28fc: checks
1fa38aec: bets $9.18 and is all-in
997a28fc: calls $9.18
1fa38aec: shows [Ac Tc] (Ace-High)
997a28fc: shows [Js Jc] (Pair of Jacks)
*** SHOWDOWN ***
997a28fc collected $25.74 from pot
*** SUMMARY ***
Total pot $26.19 | Rake $0.3 | Jackpot $0.15 | Bingo $0 | Fortune $0
Board [3h 6c 4h 8s 2d]
Seat 1: 1fa38aec (button) showed [Ac Tc] and lost with Ace-High
Seat 2: 997a28fc (small blind) showed [Js Jc] and won ($25.74) with Pair of Jacks
Seat 3: Hero (big blind) folded before Flop
Seat 4: 37ad8974 folded before Flop (didn't bet)
Seat 5: 4c97c80 folded before Flop (didn't bet)
Seat 6: 2aba70e1 folded before Flop


Poker Hand #RC1449803412: Hold'em No Limit  ($0.05/$0.1) - 2023/04/04 09:32:46
Table 'RushAndCash1638672' 6-max Seat #1 is the button
Seat 1: d374a8be ($13.82 in chips)
Seat 2: Hero ($18.76 in chips)
Seat 3: 20cab432 ($10.3 in chips)
Seat 4: bf8bf38b ($17.15 in chips)
Seat 5: d0941015 ($13.99 in chips)
Seat 6: b51bf106 ($38.56 in chips)
Hero: posts small blind $0.05
20cab432: posts big blind $0.1
*** HOLE CARDS ***
Dealt to d374a8be 
Dealt to Hero [2d 8s]
Dealt to 20cab432 
Dealt to bf8bf38b 
Dealt to d0941015 
Dealt to b51bf106 
bf8bf38b: raises $0.12 to $0.22
d0941015: folds
b51bf106: folds
d374a8be: folds
Hero: folds
20cab432: calls $0.12
*** FLOP *** [6h Ah Kh]
20cab432: checks
bf8bf38b: bets $0.25
20cab432: calls $0.25
*** TURN *** [6h Ah Kh] [3h]
20cab432: checks
bf8bf38b: checks
*** RIVER *** [6h Ah Kh 3h] [4d]
20cab432: bets $0.75
bf8bf38b: folds
Uncalled bet ($0.75) returned to 20cab432
*** SHOWDOWN ***
20cab432 collected $0.94 from pot
*** SUMMARY ***
Total pot $0.99 | Rake $0.05 | Jackpot $0 | Bingo $0 | Fortune $0
Board [6h Ah Kh 3h 4d]
Seat 1: d374a8be (button) folded before Flop (didn't bet)
Seat 2: Hero (small blind) folded before Flop
Seat 3: 20cab432 (big blind) won ($0.94)
Seat 4: bf8bf38b folded on the River
Seat 5: d0941015 folded before Flop (didn't bet)
Seat 6: b51bf106 folded before Flop (didn't bet)


Poker Hand #RC1449803104: Hold'em No Limit  ($0.05/$0.1) - 2023/04/04 09:31:55
Table 'RushAndCash1638364' 6-max Seat #1 is the button
Seat 1: 660a17aa ($10 in chips)
Seat 2: ba056d70 ($10.98 in chips)
Seat 3: b51bf106 ($38.81 in chips)
Seat 4: f1c98705 ($16.25 in chips)
Seat 5: Hero ($18.48 in chips)
Seat 6: d13b4713 ($10 in chips)
ba056d70: posts small blind $0.05
b51bf106: posts big blind $0.1
*** HOLE CARDS ***
Dealt to 660a17aa 
Dealt to ba056d70 
Dealt to b51bf106 
Dealt to f1c98705 
Dealt to Hero [9c Ah]
Dealt to d13b4713 
f1c98705: folds
Hero: raises $0.15 to $0.25
d13b4713: folds
660a17aa: folds
ba056d70: folds
b51bf106: calls $0.15
*** FLOP *** [2d Qs 6d]
b51bf106: checks
Hero: checks
*** TURN *** [2d Qs 6d] [Ad]
b51bf106: checks
Hero: bets $0.24
b51bf106: folds
Uncalled bet ($0.24) returned to Hero
*** SHOWDOWN ***
Hero collected $0.53 from pot
*** SUMMARY ***
Total pot $0.55 | Rake $0.02 | Jackpot $0 | Bingo $0 | Fortune $0
Board [2d Qs 6d Ad]
Seat 1: 660a17aa (button) folded before Flop (didn't bet)
Seat 2: ba056d70 (small blind) folded before Flop
Seat 3: b51bf106 (big blind) folded on the Turn
Seat 4: f1c98705 folded before Flop (didn't bet)
Seat 5: Hero won ($0.53)
Seat 6: d13b4713 folded before Flop (didn't bet)


Poker Hand #RC1449802959: Hold'em No Limit  ($0.05/$0.1) - 2023/04/04 09:31:29
Table 'RushAndCash1638219' 6-max Seat #1 is the button
Seat 1: ba056d70 ($10.61 in chips)
Seat 2: 99293d4d ($15.88 in chips)
Seat 3: 5565d324 ($10.37 in chips)
Seat 4: 43670060 ($10.15 in chips)
Seat 5: 7c95f285 ($9.48 in chips)
Seat 6: Hero ($18.73 in chips)
99293d4d: posts small blind $0.05
5565d324: posts big blind $0.1
*** HOLE CARDS ***
Dealt to ba056d70 
Dealt to 99293d4d 
Dealt to 5565d324 
Dealt to 43670060 
Dealt to 7c95f285 
Dealt to Hero [Ad 6c]
43670060: folds
7c95f285: folds
Hero: raises $0.15 to $0.25
ba056d70: raises $0.5 to $0.75
99293d4d: folds
5565d324: folds
Hero: folds
Uncalled bet ($0.5) returned to ba056d70
*** SHOWDOWN ***
ba056d70 collected $0.62 from pot
*** SUMMARY ***
Total pot $0.65 | Rake $0.03 | Jackpot $0 | Bingo $0 | Fortune $0
Seat 1: ba056d70 (button) collected ($0.62)
Seat 2: 99293d4d (small blind) folded before Flop
Seat 3: 5565d324 (big blind) folded before Flop
Seat 4: 43670060 folded before Flop (didn't bet)
Seat 5: 7c95f285 folded before Flop (didn't bet)
Seat 6: Hero folded before Flop


Poker Hand #RC1449802932: Hold'em No Limit  ($0.05/$0.1) - 2023/04/04 09:31:25
Table 'RushAndCash1638192' 6-max Seat #1 is the button
Seat 1: 30807175 ($12.62 in chips)
Seat 2: 37ad8974 ($8.56 in chips)
Seat 3: 70198dc9 ($10.1 in chips)
Seat 4: b472500d ($9.21 in chips)
Seat 5: 35cf67f0 ($8.23 in chips)
Seat 6: Hero ($18.73 in chips)
37ad8974: posts small blind $0.05
70198dc9: posts big blind $0.1
*** HOLE CARDS ***
Dealt to 30807175 
Dealt to 37ad8974 
Dealt to 70198dc9 
Dealt to b472500d 
Dealt to 35cf67f0 
Dealt to Hero [5d 7s]
b472500d: raises $0.1 to $0.2
35cf67f0: calls $0.2
Hero: folds
30807175: folds
37ad8974: folds
70198dc9: calls $0.1
*** FLOP *** [Ad 6d Td]
70198dc9: checks
b472500d: bets $0.49
35cf67f0: folds
70198dc9: calls $0.49
*** TURN *** [Ad 6d Td] [Kc]
70198dc9: checks
b472500d: bets $1.23
70198dc9: folds
Uncalled bet ($1.23) returned to b472500d
*** SHOWDOWN ***
b472500d collected $1.55 from pot
*** SUMMARY ***
Total pot $1.63 | Rake $0.08 | Jackpot $0 | Bingo $0 | Fortune $0
Board [Ad 6d Td Kc]
Seat 1: 30807175 (button) folded before Flop (didn't bet)
Seat 2: 37ad8974 (small blind) folded before Flop
Seat 3: 70198dc9 (big blind) folded on the Turn
Seat 4: b472500d won ($1.55)
Seat 5: 35cf67f0 folded on the Flop
Seat 6: Hero folded before Flop (didn't bet)


Poker Hand #RC1449802536: Hold'em No Limit  ($0.05/$0.1) - 2023/04/04 09:30:17
Table 'RushAndCash1637796' 6-max Seat #1 is the button
Seat 1: eb9b853 ($21.62 in chips)
Seat 2: 8a9b5872 ($10.28 in chips)
Seat 3: Hero ($18.93 in chips)
Seat 4: b472500d ($8.98 in chips)
Seat 5: 30807175 ($13.25 in chips)
Seat 6: 1875fa8b ($11.43 in chips)
8a9b5872: posts small blind $0.05
Hero: posts big blind $0.1
*** HOLE CARDS ***
Dealt to eb9b853 
Dealt to 8a9b5872 
Dealt to Hero [Kh 9h]
Dealt to b472500d 
Dealt to 30807175 
Dealt to 1875fa8b 
b472500d: raises $0.1 to $0.2
30807175: folds
1875fa8b: folds
eb9b853: folds
8a9b5872: folds
Hero: calls $0.1
*** FLOP *** [4d Jc 7h]
Hero: checks
b472500d: checks
*** TURN *** [4d Jc 7h] [5c]
Hero: checks
b472500d: checks
*** RIVER *** [4d Jc 7h 5c] [6h]
Hero: checks
b472500d: bets $0.34
Hero: folds
Uncalled bet ($0.34) returned to b472500d
*** SHOWDOWN ***
b472500d collected $0.43 from pot
*** SUMMARY ***
Total pot $0.45 | Rake $0.02 | Jackpot $0 | Bingo $0 | Fortune $0
Board [4d Jc 7h 5c 6h]
Seat 1: eb9b853 (button) folded before Flop (didn't bet)
Seat 2: 8a9b5872 (small blind) folded before Flop
Seat 3: Hero (big blind) folded on the River
Seat 4: b472500d won ($0.43)
Seat 5: 30807175 folded before Flop (didn't bet)
Seat 6: 1875fa8b folded before Flop (didn't bet)


Poker Hand #RC1449802394: Hold'em No Limit  ($0.05/$0.1) - 2023/04/04 09:29:54
Table 'RushAndCash1637654' 6-max Seat #1 is the button
Seat 1: Hero ($19.18 in chips)
Seat 2: 14ffcdd1 ($9.9 in chips)
Seat 3: 8a9b5872 ($10 in chips)
Seat 4: 8216f09 ($12.88 in chips)
Seat 5: aa04a555 ($10.62 in chips)
Seat 6: 52829221 ($10.2 in chips)
14ffcdd1: posts small blind $0.05
8a9b5872: posts big blind $0.1
*** HOLE CARDS ***
Dealt to Hero [Qs Jc]
Dealt to 14ffcdd1 
Dealt to 8a9b5872 
Dealt to 8216f09 
Dealt to aa04a555 
Dealt to 52829221 
8216f09: folds
aa04a555: folds
52829221: folds
Hero: raises $0.15 to $0.25
14ffcdd1: folds
8a9b5872: raises $0.65 to $0.9
Hero: folds
Uncalled bet ($0.65) returned to 8a9b5872
*** SHOWDOWN ***
8a9b5872 collected $0.53 from pot
*** SUMMARY ***
Total pot $0.55 | Rake $0.02 | Jackpot $0 | Bingo $0 | Fortune $0
Seat 1: Hero (button) folded before Flop
Seat 2: 14ffcdd1 (small blind) folded before Flop
Seat 3: 8a9b5872 (big blind) collected ($0.53)
Seat 4: 8216f09 folded before Flop (didn't bet)
Seat 5: aa04a555 folded before Flop (didn't bet)
Seat 6: 52829221 folded before Flop (didn't bet)


Poker Hand #RC1449802329: Hold'em No Limit  ($0.05/$0.1) - 2023/04/04 09:29:43
Table 'RushAndCash1637589' 6-max Seat #1 is the button
Seat 1: 9832c7d7 ($10.96 in chips)
Seat 2: 80057578 ($19.07 in chips)
Seat 3: 2081b950 ($10 in chips)
Seat 4: 52c0ceb7 ($13.87 in chips)
Seat 5: Hero ($19.18 in chips)
Seat 6: c2b70aac ($10.15 in chips)
80057578: posts small blind $0.05
2081b950: posts big blind $0.1
*** HOLE CARDS ***
Dealt to 9832c7d7 
Dealt to 80057578 
Dealt to 2081b950 
Dealt to 52c0ceb7 
Dealt to Hero [9d Kd]
Dealt to c2b70aac 
52c0ceb7: folds
Hero: folds
c2b70aac: raises $0.15 to $0.25
9832c7d7: folds
80057578: folds
2081b950: calls $0.15
*** FLOP *** [Tc 8c Th]
2081b950: checks
c2b70aac: checks
*** TURN *** [Tc 8c Th] [9c]
2081b950: bets $0.42
c2b70aac: folds
Uncalled bet ($0.42) returned to 2081b950
*** SHOWDOWN ***
2081b950 collected $0.53 from pot
*** SUMMARY ***
Total pot $0.55 | Rake $0.02 | Jackpot $0 | Bingo $0 | Fortune $0
Board [Tc 8c Th 9c]
Seat 1: 9832c7d7 (button) folded before Flop (didn't bet)
Seat 2: 80057578 (small blind) folded before Flop
Seat 3: 2081b950 (big blind) won ($0.53)
Seat 4: 52c0ceb7 folded before Flop (didn't bet)
Seat 5: Hero folded before Flop (didn't bet)
Seat 6: c2b70aac folded on the Turn


Poker Hand #RC1449802134: Hold'em No Limit  ($0.05/$0.1) - 2023/04/04 09:29:09
Table 'RushAndCash1637394' 6-max Seat #1 is the button
Seat 1: 2cb96b80 ($10.32 in chips)
Seat 2: Hero ($19.48 in chips)
Seat 3: 47cc4c81 ($13.62 in chips)
Seat 4: 80057578 ($18.7 in chips)
Seat 5: 6e4948c2 ($18.09 in chips)
Seat 6: 65575369 ($10 in chips)
Hero: posts small blind $0.05
47cc4c81: posts big blind $0.1
*** HOLE CARDS ***
Dealt to 2cb96b80 
Dealt to Hero [4s 4h]
Dealt to 47cc4c81 
Dealt to 80057578 
Dealt to 6e4948c2 
Dealt to 65575369 
80057578: raises $0.2 to $0.3
6e4948c2: folds
65575369: folds
2cb96b80: folds
Hero: calls $0.25
47cc4c81: folds
*** FLOP *** [Ks Qd Ts]
Hero: checks
80057578: bets $0.53
Hero: folds
Uncalled bet ($0.53) returned to 80057578
*** SHOWDOWN ***
80057578 collected $0.67 from pot
*** SUMMARY ***
Total pot $0.7 | Rake $0.03 | Jackpot $0 | Bingo $0 | Fortune $0
Board [Ks Qd Ts]
Seat 1: 2cb96b80 (button) folded before Flop (didn't bet)
Seat 2: Hero (small blind) folded on the Flop
Seat 3: 47cc4c81 (big blind) folded before Flop
Seat 4: 80057578 won ($0.67)
Seat 5: 6e4948c2 folded before Flop (didn't bet)
Seat 6: 65575369 folded before Flop (didn't bet)


Poker Hand #RC1449802102: Hold'em No Limit  ($0.05/$0.1) - 2023/04/04 09:29:04
Table 'RushAndCash1637362' 6-max Seat #1 is the button
Seat 1: 40b689a9 ($11.83 in chips)
Seat 2: dbac3bed ($9.9 in chips)
Seat 3: 1f4d6335 ($5.02 in chips)
Seat 4: Hero ($19.48 in chips)
Seat 5: 5e399419 ($8.84 in chips)
Seat 6: 2c71b20a ($20.87 in chips)
dbac3bed: posts small blind $0.05
1f4d6335: posts big blind $0.1
*** HOLE CARDS ***
Dealt to 40b689a9 
Dealt to dbac3bed 
Dealt to 1f4d6335 
Dealt to Hero [7d Ah]
Dealt to 5e399419 
Dealt to 2c71b20a 
Hero: folds
5e399419: raises $0.15 to $0.25
2c71b20a: folds
40b689a9: folds
dbac3bed: folds
1f4d6335: raises $0.55 to $0.8
5e399419: calls $0.55
*** FLOP *** [Tc Kc 4c]
1f4d6335: bets $0.55
5e399419: calls $0.55
*** TURN *** [Tc Kc 4c] [2c]
1f4d6335: checks
5e399419: bets $0.91
1f4d6335: folds
Uncalled bet ($0.91) returned to 5e399419
*** SHOWDOWN ***
5e399419 collected $2.62 from pot
*** SUMMARY ***
Total pot $2.75 | Rake $0.13 | Jackpot $0 | Bingo $0 | Fortune $0
Board [Tc Kc 4c 2c]
Seat 1: 40b689a9 (button) folded before Flop (didn't bet)
Seat 2: dbac3bed (small blind) folded before Flop
Seat 3: 1f4d6335 (big blind) folded on the Turn
Seat 4: Hero folded before Flop (didn't bet)
Seat 5: 5e399419 won ($2.62)
Seat 6: 2c71b20a folded before Flop (didn't bet)


Poker Hand #RC1449802027: Hold'em No Limit  ($0.05/$0.1) - 2023/04/04 09:28:51
Table 'RushAndCash1637287' 6-max Seat #1 is the button
Seat 1: 3efe1dfc ($18.63 in chips)
Seat 2: 6dcd9cac ($10.3 in chips)
Seat 3: Hero ($19.58 in chips)
Seat 4: a7f74c46 ($10.22 in chips)
Seat 5: 5629dec0 ($13.59 in chips)
Seat 6: 7e5f81d6 ($26.85 in chips)
6dcd9cac: posts small blind $0.05
Hero: posts big blind $0.1
*** HOLE CARDS ***
Dealt to 3efe1dfc 
Dealt to 6dcd9cac 
Dealt to Hero [Qh 4c]
Dealt to a7f74c46 
Dealt to 5629dec0 
Dealt to 7e5f81d6 
a7f74c46: raises $0.15 to $0.25
5629dec0: folds
7e5f81d6: calls $0.25
3efe1dfc: folds
6dcd9cac: raises $0.85 to $1.1
Hero: folds
a7f74c46: calls $0.85
7e5f81d6: folds
*** FLOP *** [2s 3c Jd]
6dcd9cac: bets $1.28
a7f74c46: folds
Uncalled bet ($1.28) returned to 6dcd9cac
*** SHOWDOWN ***
6dcd9cac collected $2.43 from pot
*** SUMMARY ***
Total pot $2.55 | Rake $0.12 | Jackpot $0 | Bingo $0 | Fortune $0
Board [2s 3c Jd]
Seat 1: 3efe1dfc (button) folded before Flop (didn't bet)
Seat 2: 6dcd9cac (small blind) won ($2.43)
Seat 3: Hero (big blind) folded before Flop
Seat 4: a7f74c46 folded on the Flop
Seat 5: 5629dec0 folded before Flop (didn't bet)
Seat 6: 7e5f81d6 folded before Flop


Poker Hand #RC1449801957: Hold'em No Limit  ($0.05/$0.1) - 2023/04/04 09:28:40
Table 'RushAndCash1637217' 6-max Seat #1 is the button
Seat 1: 330df4ef ($10 in chips)
Seat 2: e3715187 ($29.77 in chips)
Seat 3: 30cb7c17 ($10.24 in chips)
Seat 4: cd025de6 ($6.6 in chips)
Seat 5: ae035cfb ($18.08 in chips)
Seat 6: Hero ($19.58 in chips)
e3715187: posts small blind $0.05
30cb7c17: posts big blind $0.1
*** HOLE CARDS ***
Dealt to 330df4ef 
Dealt to e3715187 
Dealt to 30cb7c17 
Dealt to cd025de6 
Dealt to ae035cfb 
Dealt to Hero [3h 4c]
cd025de6: folds
ae035cfb: folds
Hero: folds
330df4ef: raises $0.14 to $0.24
e3715187: folds
30cb7c17: calls $0.14
*** FLOP *** [Js 9h 2d]
30cb7c17: checks
330df4ef: bets $0.27
30cb7c17: calls $0.27
*** TURN *** [Js 9h 2d] [9s]
30cb7c17: bets $0.4
330df4ef: raises $1.41 to $1.81
30cb7c17: folds
Uncalled bet ($1.41) returned to 330df4ef
*** SHOWDOWN ***
330df4ef collected $1.78 from pot
*** SUMMARY ***
Total pot $1.87 | Rake $0.09 | Jackpot $0 | Bingo $0 | Fortune $0
Board [Js 9h 2d 9s]
Seat 1: 330df4ef (button) won ($1.78)
Seat 2: e3715187 (small blind) folded before Flop
Seat 3: 30cb7c17 (big blind) folded on the Turn
Seat 4: cd025de6 folded before Flop (didn't bet)
Seat 5: ae035cfb folded before Flop (didn't bet)
Seat 6: Hero folded before Flop (didn't bet)


Poker Hand #RC1449801880: Hold'em No Limit  ($0.05/$0.1) - 2023/04/04 09:28:28
Table 'RushAndCash1637140' 6-max Seat #1 is the button
Seat 1: Hero ($19.58 in chips)
Seat 2: ce8fd87c ($10.27 in chips)
Seat 3: 19e2cd1b ($10.1 in chips)
Seat 4: 6ab11192 ($11.3 in chips)
Seat 5: d0941015 ($14.48 in chips)
Seat 6: 3efe1dfc ($18.48 in chips)
ce8fd87c: posts small blind $0.05
19e2cd1b: posts big blind $0.1
*** HOLE CARDS ***
Dealt to Hero [4c 7d]
Dealt to ce8fd87c 
Dealt to 19e2cd1b 
Dealt to 6ab11192 
Dealt to d0941015 
Dealt to 3efe1dfc 
6ab11192: folds
d0941015: folds
3efe1dfc: raises $0.15 to $0.25
Hero: folds
ce8fd87c: folds
19e2cd1b: folds
Uncalled bet ($0.15) returned to 3efe1dfc
*** SHOWDOWN ***
3efe1dfc collected $0.25 from pot
*** SUMMARY ***
Total pot $0.25 | Rake $0 | Jackpot $0 | Bingo $0 | Fortune $0
Seat 1: Hero (button) folded before Flop (didn't bet)
Seat 2: ce8fd87c (small blind) folded before Flop
Seat 3: 19e2cd1b (big blind) folded before Flop
Seat 4: 6ab11192 folded before Flop (didn't bet)
Seat 5: d0941015 folded before Flop (didn't bet)
Seat 6: 3efe1dfc collected ($0.25)


Poker Hand #RC1449801725: Hold'em No Limit  ($0.05/$0.1) - 2023/04/04 09:28:02
Table 'RushAndCash1636985' 6-max Seat #1 is the button
Seat 1: 2eb6b835 ($58.34 in chips)
Seat 2: Hero ($19.35 in chips)
Seat 3: 8b593245 ($10.15 in chips)
Seat 4: 8f2bee09 ($50.26 in chips)
Seat 5: 7e5f81d6 ($25.6 in chips)
Seat 6: 67c7647f ($10 in chips)
Hero: posts small blind $0.05
8b593245: posts big blind $0.1
*** HOLE CARDS ***
Dealt to 2eb6b835 
Dealt to Hero [2d 8h]
Dealt to 8b593245 
Dealt to 8f2bee09 
Dealt to 7e5f81d6 
Dealt to 67c7647f 
8f2bee09: folds
7e5f81d6: folds
67c7647f: folds
2eb6b835: folds
Hero: raises $0.15 to $0.25
8b593245: calls $0.15
*** FLOP *** [3c 4h Ks]
Hero: bets $0.17
8b593245: folds
Uncalled bet ($0.17) returned to Hero
*** SHOWDOWN ***
Hero collected $0.48 from pot
*** SUMMARY ***
Total pot $0.5 | Rake $0.02 | Jackpot $0 | Bingo $0 | Fortune $0
Board [3c 4h Ks]
Seat 1: 2eb6b835 (button) folded before Flop (didn't bet)
Seat 2: Hero (small blind) won ($0.48)
Seat 3: 8b593245 (big blind) folded on the Flop
Seat 4: 8f2bee09 folded before Flop (didn't bet)
Seat 5: 7e5f81d6 folded before Flop (didn't bet)
Seat 6: 67c7647f folded before Flop (didn't bet)


Poker Hand #RC1449801697: Hold'em No Limit  ($0.05/$0.1) - 2023/04/04 09:27:57
Table 'RushAndCash1636957' 6-max Seat #1 is the button
Seat 1: 86116f28 ($24.15 in chips)
Seat 2: 2eb6b835 ($58.39 in chips)
Seat 3: 43dafc08 ($27.48 in chips)
Seat 4: Hero ($19.35 in chips)
Seat 5: 68393e57 ($9.41 in chips)
Seat 6: 22ce56fd ($12.46 in chips)
2eb6b835: posts small blind $0.05
43dafc08: posts big blind $0.1
*** HOLE CARDS ***
Dealt to 86116f28 
Dealt to 2eb6b835 
Dealt to 43dafc08 
Dealt to Hero [3c Jd]
Dealt to 68393e57 
Dealt to 22ce56fd 
Hero: folds
68393e57: folds
22ce56fd: raises $0.15 to $0.25
86116f28: folds
2eb6b835: folds
43dafc08: folds
Uncalled bet ($0.15) returned to 22ce56fd
*** SHOWDOWN ***
22ce56fd collected $0.25 from pot
*** SUMMARY ***
Total pot $0.25 | Rake $0 | Jackpot $0 | Bingo $0 | Fortune $0
Seat 1: 86116f28 (button) folded before Flop (didn't bet)
Seat 2: 2eb6b835 (small blind) folded before Flop
Seat 3: 43dafc08 (big blind) folded before Flop
Seat 4: Hero folded before Flop (didn't bet)
Seat 5: 68393e57 folded before Flop (didn't bet)
Seat 6: 22ce56fd collected ($0.25)


Poker Hand #RC1449801614: Hold'em No Limit  ($0.05/$0.1) - 2023/04/04 09:27:44
Table 'RushAndCash1636874' 6-max Seat #1 is the button
Seat 1: 77102515 ($8.68 in chips)
Seat 2: dd0395c3 ($11.09 in chips)
Seat 3: b6039720 ($13.43 in chips)
Seat 4: 5a92d8f8 ($13.48 in chips)
Seat 5: db9d0a8f ($26.64 in chips)
Seat 6: Hero ($19.35 in chips)
dd0395c3: posts small blind $0.05
b6039720: posts big blind $0.1
*** HOLE CARDS ***
Dealt to 77102515 
Dealt to dd0395c3 
Dealt to b6039720 
Dealt to 5a92d8f8 
Dealt to db9d0a8f 
Dealt to Hero [7s 5h]
5a92d8f8: folds
db9d0a8f: folds
Hero: folds
77102515: calls $0.1
dd0395c3: folds
b6039720: checks
*** FLOP *** [7c Jd Qd]
b6039720: checks
77102515: checks
*** TURN *** [7c Jd Qd] [2h]
b6039720: bets $0.1
77102515: calls $0.1
*** RIVER *** [7c Jd Qd 2h] [2c]
b6039720: checks
77102515: bets $0.23
b6039720: folds
Uncalled bet ($0.23) returned to 77102515
77102515: shows [6d] (Pair of Twos)
*** SHOWDOWN ***
77102515 collected $0.43 from pot
*** SUMMARY ***
Total pot $0.45 | Rake $0.02 | Jackpot $0 | Bingo $0 | Fortune $0
Board [7c Jd Qd 2h 2c]
Seat 1: 77102515 (button) showed [6d 8s] and won ($0.43) with Pair of Twos
Seat 2: dd0395c3 (small blind) folded before Flop
Seat 3: b6039720 (big blind) folded on the River
Seat 4: 5a92d8f8 folded before Flop (didn't bet)
Seat 5: db9d0a8f folded before Flop (didn't bet)
Seat 6: Hero folded before Flop (didn't bet)


Poker Hand #RC1449801501: Hold'em No Limit  ($0.05/$0.1) - 2023/04/04 09:27:25
Table 'RushAndCash1636761' 6-max Seat #1 is the button
Seat 1: d3d14c05 ($8.27 in chips)
Seat 2: 2a16c5ae ($5.63 in chips)
Seat 3: 3f1a4798 ($13.09 in chips)
Seat 4: 5629dec0 ($13.49 in chips)
Seat 5: Hero ($19.35 in chips)
Seat 6: 564db205 ($10.27 in chips)
2a16c5ae: posts small blind $0.05
3f1a4798: posts big blind $0.1
*** HOLE CARDS ***
Dealt to d3d14c05 
Dealt to 2a16c5ae 
Dealt to 3f1a4798 
Dealt to 5629dec0 
Dealt to Hero [8h 6d]
Dealt to 564db205 
5629dec0: raises $0.2 to $0.3
Hero: folds
564db205: folds
d3d14c05: folds
2a16c5ae: folds
3f1a4798: folds
Uncalled bet ($0.2) returned to 5629dec0
*** SHOWDOWN ***
5629dec0 collected $0.25 from pot
*** SUMMARY ***
Total pot $0.25 | Rake $0 | Jackpot $0 | Bingo $0 | Fortune $0
Seat 1: d3d14c05 (button) folded before Flop (didn't bet)
Seat 2: 2a16c5ae (small blind) folded before Flop
Seat 3: 3f1a4798 (big blind) folded before Flop
Seat 4: 5629dec0 collected ($0.25)
Seat 5: Hero folded before Flop (didn't bet)
Seat 6: 564db205 folded before Flop (didn't bet)


Poker Hand #RC1449801467: Hold'em No Limit  ($0.05/$0.1) - 2023/04/04 09:27:20
Table 'RushAndCash1636727' 6-max Seat #1 is the button
Seat 1: Hero ($19.35 in chips)
Seat 2: 97e3fc58 ($13.85 in chips)
Seat 3: 4704950b ($20.41 in chips)
Seat 4: 20cab432 ($10 in chips)
Seat 5: 22ff679f ($19.36 in chips)
Seat 6: 2dc6fddf ($46.9 in chips)
97e3fc58: posts small blind $0.05
4704950b: posts big blind $0.1
*** HOLE CARDS ***
Dealt to Hero [3c Th]
Dealt to 97e3fc58 
Dealt to 4704950b 
Dealt to 20cab432 
Dealt to 22ff679f 
Dealt to 2dc6fddf 
20cab432: folds
22ff679f: raises $0.15 to $0.25
2dc6fddf: folds
Hero: folds
97e3fc58: raises $0.15 to $0.4
4704950b: folds
22ff679f: calls $0.15
*** FLOP *** [6c Kd 4c]
97e3fc58: checks
22ff679f: checks
*** TURN *** [6c Kd 4c] [5h]
97e3fc58: checks
22ff679f: checks
*** RIVER *** [6c Kd 4c 5h] [5d]
97e3fc58: bets $0.3
22ff679f: folds
Uncalled bet ($0.3) returned to 97e3fc58
*** SHOWDOWN ***
97e3fc58 collected $0.86 from pot
*** SUMMARY ***
Total pot $0.9 | Rake $0.04 | Jackpot $0 | Bingo $0 | Fortune $0
Board [6c Kd 4c 5h 5d]
Seat 1: Hero (button) folded before Flop (didn't bet)
Seat 2: 97e3fc58 (small blind) won ($0.86)
Seat 3: 4704950b (big blind) folded before Flop
Seat 4: 20cab432 folded before Flop (didn't bet)
Seat 5: 22ff679f folded on the River
Seat 6: 2dc6fddf folded before Flop (didn't bet)


Poker Hand #RC1449801416: Hold'em No Limit  ($0.05/$0.1) - 2023/04/04 09:27:12
Table 'RushAndCash1636676' 6-max Seat #1 is the button
Seat 1: 57cd84a4 ($11.16 in chips)
Seat 2: Hero ($19.4 in chips)
Seat 3: c9e21c65 ($10 in chips)
Seat 4: dcc8ae00 ($10.56 in chips)
Seat 5: cb081773 ($4.77 in chips)
Seat 6: 8b593245 ($10.15 in chips)
Hero: posts small blind $0.05
c9e21c65: posts big blind $0.1
*** HOLE CARDS ***
Dealt to 57cd84a4 
Dealt to Hero [Qs 7h]
Dealt to c9e21c65 
Dealt to dcc8ae00 
Dealt to cb081773 
Dealt to 8b593245 
dcc8ae00: folds
cb081773: raises $0.15 to $0.25
8b593245: folds
57cd84a4: folds
Hero: folds
c9e21c65: folds
Uncalled bet ($0.15) returned to cb081773
*** SHOWDOWN ***
cb081773 collected $0.25 from pot
*** SUMMARY ***
Total pot $0.25 | Rake $0 | Jackpot $0 | Bingo $0 | Fortune $0
Seat 1: 57cd84a4 (button) folded before Flop (didn't bet)
Seat 2: Hero (small blind) folded before Flop
Seat 3: c9e21c65 (big blind) folded before Flop
Seat 4: dcc8ae00 folded before Flop (didn't bet)
Seat 5: cb081773 collected ($0.25)
Seat 6: 8b593245 folded before Flop (didn't bet)


Poker Hand #RC1449801347: Hold'em No Limit  ($0.05/$0.1) - 2023/04/04 09:27:00
Table 'RushAndCash1636607' 6-max Seat #1 is the button
Seat 1: fc5e02d3 ($10 in chips)
Seat 2: 12fcd6b0 ($10.96 in chips)
Seat 3: Hero ($19.5 in chips)
Seat 4: 5629dec0 ($13.49 in chips)
Seat 5: 2d725043 ($10.5 in chips)
Seat 6: 2f0ac69a ($5.5 in chips)
12fcd6b0: posts small blind $0.05
Hero: posts big blind $0.1
*** HOLE CARDS ***
Dealt to fc5e02d3 
Dealt to 12fcd6b0 
Dealt to Hero [Td 4s]
Dealt to 5629dec0 
Dealt to 2d725043 
Dealt to 2f0ac69a 
5629dec0: folds
2d725043: folds
2f0ac69a: folds
fc5e02d3: raises $0.15 to $0.25
12fcd6b0: folds
Hero: folds
Uncalled bet ($0.15) returned to fc5e02d3
*** SHOWDOWN ***
fc5e02d3 collected $0.25 from pot
*** SUMMARY ***
Total pot $0.25 | Rake $0 | Jackpot $0 | Bingo $0 | Fortune $0
Seat 1: fc5e02d3 (button) collected ($0.25)
Seat 2: 12fcd6b0 (small blind) folded before Flop
Seat 3: Hero (big blind) folded before Flop
Seat 4: 5629dec0 folded before Flop (didn't bet)
Seat 5: 2d725043 folded before Flop (didn't bet)
Seat 6: 2f0ac69a folded before Flop (didn't bet)


Poker Hand #RC1449801303: Hold'em No Limit  ($0.05/$0.1) - 2023/04/04 09:26:52
Table 'RushAndCash1636563' 6-max Seat #1 is the button
Seat 1: 31e7fff9 ($10.1 in chips)
Seat 2: 863339f ($21.98 in chips)
Seat 3: c375609b ($10.58 in chips)
Seat 4: Hero ($19.5 in chips)
Seat 5: d4196ca7 ($10.34 in chips)
Seat 6: f3dc2ced ($10.44 in chips)
863339f: posts small blind $0.05
c375609b: posts big blind $0.1
*** HOLE CARDS ***
Dealt to 31e7fff9 
Dealt to 863339f 
Dealt to c375609b 
Dealt to Hero [Ad 4h]
Dealt to d4196ca7 
Dealt to f3dc2ced 
Hero: folds
d4196ca7: raises $0.1 to $0.2
f3dc2ced: folds
31e7fff9: folds
863339f: folds
c375609b: folds
Uncalled bet ($0.1) returned to d4196ca7
*** SHOWDOWN ***
d4196ca7 collected $0.25 from pot
*** SUMMARY ***
Total pot $0.25 | Rake $0 | Jackpot $0 | Bingo $0 | Fortune $0
Seat 1: 31e7fff9 (button) folded before Flop (didn't bet)
Seat 2: 863339f (small blind) folded before Flop
Seat 3: c375609b (big blind) folded before Flop
Seat 4: Hero folded before Flop (didn't bet)
Seat 5: d4196ca7 collected ($0.25)
Seat 6: f3dc2ced folded before Flop (didn't bet)


Poker Hand #RC1449801192: Hold'em No Limit  ($0.05/$0.1) - 2023/04/04 09:26:35
Table 'RushAndCash1636452' 6-max Seat #1 is the button
Seat 1: 71bf8b3b ($10 in chips)
Seat 2: 5c7f2a40 ($13.99 in chips)
Seat 3: a0746186 ($10 in chips)
Seat 4: dbc106dc ($20.98 in chips)
Seat 5: Hero ($19.35 in chips)
Seat 6: b011c566 ($13.47 in chips)
5c7f2a40: posts small blind $0.05
a0746186: posts big blind $0.1
*** HOLE CARDS ***
Dealt to 71bf8b3b 
Dealt to 5c7f2a40 
Dealt to a0746186 
Dealt to dbc106dc 
Dealt to Hero [7s 7h]
Dealt to b011c566 
dbc106dc: folds
Hero: raises $0.15 to $0.25
b011c566: folds
71bf8b3b: folds
5c7f2a40: folds
a0746186: folds
Uncalled bet ($0.15) returned to Hero
*** SHOWDOWN ***
Hero collected $0.25 from pot
*** SUMMARY ***
Total pot $0.25 | Rake $0 | Jackpot $0 | Bingo $0 | Fortune $0
Seat 1: 71bf8b3b (button) folded before Flop (didn't bet)
Seat 2: 5c7f2a40 (small blind) folded before Flop
Seat 3: a0746186 (big blind) folded before Flop
Seat 4: dbc106dc folded before Flop (didn't bet)
Seat 5: Hero collected ($0.25)
Seat 6: b011c566 folded before Flop (didn't bet)


Poker Hand #RC1449801139: Hold'em No Limit  ($0.05/$0.1) - 2023/04/04 09:26:26
Table 'RushAndCash1636399' 6-max Seat #1 is the button
Seat 1: 806119bd ($4.87 in chips)
Seat 2: 529a8af2 ($7.83 in chips)
Seat 3: 76e53656 ($22.14 in chips)
Seat 4: 83d2b4a7 ($11.04 in chips)
Seat 5: dcacc2c5 ($10.9 in chips)
Seat 6: Hero ($19.35 in chips)
529a8af2: posts small blind $0.05
76e53656: posts big blind $0.1
*** HOLE CARDS ***
Dealt to 806119bd 
Dealt to 529a8af2 
Dealt to 76e53656 
Dealt to 83d2b4a7 
Dealt to dcacc2c5 
Dealt to Hero [7h 8h]
83d2b4a7: raises $0.13 to $0.23
dcacc2c5: raises $0.61 to $0.84
Hero: folds
806119bd: calls $0.84
529a8af2: folds
76e53656: calls $0.74
83d2b4a7: calls $0.61
*** FLOP *** [Ad 6d Ts]
76e53656: checks
83d2b4a7: checks
dcacc2c5: checks
806119bd: bets $4.03 and is all-in
76e53656: folds
83d2b4a7: calls $4.03
dcacc2c5: folds
806119bd: shows [6c 7c] (Pair of Sixes)
83d2b4a7: shows [Qh Ah] (Pair of Aces)
*** TURN *** [Ad 6d Ts] [2s]
*** RIVER *** [Ad 6d Ts 2s] [8d]
*** SHOWDOWN ***
83d2b4a7 collected $11.02 from pot
*** SUMMARY ***
Total pot $11.47 | Rake $0.3 | Jackpot $0.15 | Bingo $0 | Fortune $0
Board [Ad 6d Ts 2s 8d]
Seat 1: 806119bd (button) showed [6c 7c] and lost with Pair of Sixes
Seat 2: 529a8af2 (small blind) folded before Flop
Seat 3: 76e53656 (big blind) folded on the Flop
Seat 4: 83d2b4a7 showed [Qh Ah] and won ($11.02) with Pair of Aces
Seat 5: dcacc2c5 folded on the Flop
Seat 6: Hero folded before Flop (didn't bet)


Poker Hand #RC1449801054: Hold'em No Limit  ($0.05/$0.1) - 2023/04/04 09:26:12
Table 'RushAndCash1636314' 6-max Seat #1 is the button
Seat 1: Hero ($19.2 in chips)
Seat 2: ccf106b3 ($24.43 in chips)
Seat 3: 660a17aa ($20.77 in chips)
Seat 4: 86aadb56 ($10.26 in chips)
Seat 5: 2cb03a74 ($10.63 in chips)
Seat 6: 37ad8974 ($9.85 in chips)
ccf106b3: posts small blind $0.05
660a17aa: posts big blind $0.1
*** HOLE CARDS ***
Dealt to Hero [Jh Ad]
Dealt to ccf106b3 
Dealt to 660a17aa 
Dealt to 86aadb56 
Dealt to 2cb03a74 
Dealt to 37ad8974 
86aadb56: folds
2cb03a74: folds
37ad8974: folds
Hero: raises $0.15 to $0.25
ccf106b3: folds
660a17aa: folds
Uncalled bet ($0.15) returned to Hero
*** SHOWDOWN ***
Hero collected $0.25 from pot
*** SUMMARY ***
Total pot $0.25 | Rake $0 | Jackpot $0 | Bingo $0 | Fortune $0
Seat 1: Hero (button) collected ($0.25)
Seat 2: ccf106b3 (small blind) folded before Flop
Seat 3: 660a17aa (big blind) folded before Flop
Seat 4: 86aadb56 folded before Flop (didn't bet)
Seat 5: 2cb03a74 folded before Flop (didn't bet)
Seat 6: 37ad8974 folded before Flop (didn't bet)


Poker Hand #RC1449800930: Hold'em No Limit  ($0.05/$0.1) - 2023/04/04 09:25:51
Table 'RushAndCash1636190' 6-max Seat #1 is the button
Seat 1: 6b206e14 ($12.07 in chips)
Seat 2: a90af427 ($23.44 in chips)
Seat 3: Hero ($19.3 in chips)
Seat 4: 55c9666b ($13.57 in chips)
Seat 5: 4b99a360 ($14.89 in chips)
Seat 6: 9f5f03ce ($11.04 in chips)
a90af427: posts small blind $0.05
Hero: posts big blind $0.1
*** HOLE CARDS ***
Dealt to 6b206e14 
Dealt to a90af427 
Dealt to Hero [Qc 8h]
Dealt to 55c9666b 
Dealt to 4b99a360 
Dealt to 9f5f03ce 
55c9666b: raises $0.15 to $0.25
4b99a360: folds
9f5f03ce: folds
6b206e14: folds
a90af427: raises $0.9 to $1.15
Hero: folds
55c9666b: calls $0.9
*** FLOP *** [8c 7h Qs]
a90af427: checks
55c9666b: checks
*** TURN *** [8c 7h Qs] [4s]
a90af427: bets $1.2
55c9666b: folds
Uncalled bet ($1.2) returned to a90af427
*** SHOWDOWN ***
a90af427 collected $2.28 from pot
*** SUMMARY ***
Total pot $2.4 | Rake $0.12 | Jackpot $0 | Bingo $0 | Fortune $0
Board [8c 7h Qs 4s]
Seat 1: 6b206e14 (button) folded before Flop (didn't bet)
Seat 2: a90af427 (small blind) won ($2.28)
Seat 3: Hero (big blind) folded before Flop
Seat 4: 55c9666b folded on the Turn
Seat 5: 4b99a360 folded before Flop (didn't bet)
Seat 6: 9f5f03ce folded before Flop (didn't bet)


Poker Hand #RC1449800773: Hold'em No Limit  ($0.05/$0.1) - 2023/04/04 09:25:22
Table 'RushAndCash1636033' 6-max Seat #1 is the button
Seat 1: a90af427 ($23.69 in chips)
Seat 2: Hero ($18.98 in chips)
Seat 3: 1fc7e629 ($12.51 in chips)
Seat 4: e0e4ccce ($17.72 in chips)
Seat 5: 8cbe7340 ($14.27 in chips)
Seat 6: 540b0c5c ($11.32 in chips)
Hero: posts small blind $0.05
1fc7e629: posts big blind $0.1
*** HOLE CARDS ***
Dealt to a90af427 
Dealt to Hero [Ah 6h]
Dealt to 1fc7e629 
Dealt to e0e4ccce 
Dealt to 8cbe7340 
Dealt to 540b0c5c 
e0e4ccce: folds
8cbe7340: folds
540b0c5c: folds
a90af427: raises $0.15 to $0.25
Hero: raises $0.75 to $1
1fc7e629: folds
a90af427: folds
Uncalled bet ($0.75) returned to Hero
*** SHOWDOWN ***
Hero collected $0.57 from pot
*** SUMMARY ***
Total pot $0.6 | Rake $0.03 | Jackpot $0 | Bingo $0 | Fortune $0
Seat 1: a90af427 (button) folded before Flop
Seat 2: Hero (small blind) collected ($0.57)
Seat 3: 1fc7e629 (big blind) folded before Flop
Seat 4: e0e4ccce folded before Flop (didn't bet)
Seat 5: 8cbe7340 folded before Flop (didn't bet)
Seat 6: 540b0c5c folded before Flop (didn't bet)


Poker Hand #RC1449800715: Hold'em No Limit  ($0.05/$0.1) - 2023/04/04 09:25:12
Table 'RushAndCash1635975' 6-max Seat #1 is the button
Seat 1: f6a4431c ($12.15 in chips)
Seat 2: 2b781ad6 ($10 in chips)
Seat 3: bcdfe6bc ($10.24 in chips)
Seat 4: 9a9a9057 ($10.56 in chips)
Seat 5: 6345012f ($26.82 in chips)
Seat 6: Hero ($18.98 in chips)
2b781ad6: posts small blind $0.05
bcdfe6bc: posts big blind $0.1
*** HOLE CARDS ***
Dealt to f6a4431c 
Dealt to 2b781ad6 
Dealt to bcdfe6bc 
Dealt to 9a9a9057 
Dealt to 6345012f 
Dealt to Hero [Qs Ts]
9a9a9057: folds
6345012f: raises $0.15 to $0.25
Hero: folds
f6a4431c: folds
2b781ad6: folds
bcdfe6bc: calls $0.15
*** FLOP *** [7c 6c 4s]
bcdfe6bc: checks
6345012f: bets $0.42
bcdfe6bc: calls $0.42
*** TURN *** [7c 6c 4s] [Ac]
bcdfe6bc: checks
6345012f: checks
*** RIVER *** [7c 6c 4s Ac] [Ks]
bcdfe6bc: checks
6345012f: checks
bcdfe6bc: shows [5h Ah] (Pair of Aces)
6345012f: shows [8s 8c] (Pair of Eights)
*** SHOWDOWN ***
bcdfe6bc collected $1.32 from pot
*** SUMMARY ***
Total pot $1.39 | Rake $0.07 | Jackpot $0 | Bingo $0 | Fortune $0
Board [7c 6c 4s Ac Ks]
Seat 1: f6a4431c (button) folded before Flop (didn't bet)
Seat 2: 2b781ad6 (small blind) folded before Flop
Seat 3: bcdfe6bc (big blind) showed [5h Ah] and won ($1.32) with Pair of Aces
Seat 4: 9a9a9057 folded before Flop (didn't bet)
Seat 5: 6345012f showed [8s 8c] and lost with Pair of Eights
Seat 6: Hero folded before Flop (didn't bet)


Poker Hand #RC1449800554: Hold'em No Limit  ($0.05/$0.1) - 2023/04/04 09:24:44
Table 'RushAndCash1635814' 6-max Seat #1 is the button
Seat 1: f6a4431c ($12.15 in chips)
Seat 2: 41e967b3 ($8.21 in chips)
Seat 3: 36ee5725 ($10 in chips)
Seat 4: 393c1ed ($17.68 in chips)
Seat 5: Hero ($18.83 in chips)
Seat 6: ee1974af ($10 in chips)
41e967b3: posts small blind $0.05
36ee5725: posts big blind $0.1
*** HOLE CARDS ***
Dealt to f6a4431c 
Dealt to 41e967b3 
Dealt to 36ee5725 
Dealt to 393c1ed 
Dealt to Hero [9h Td]
Dealt to ee1974af 
393c1ed: folds
Hero: raises $0.15 to $0.25
ee1974af: folds
f6a4431c: folds
41e967b3: folds
36ee5725: folds
Uncalled bet ($0.15) returned to Hero
*** SHOWDOWN ***
Hero collected $0.25 from pot
*** SUMMARY ***
Total pot $0.25 | Rake $0 | Jackpot $0 | Bingo $0 | Fortune $0
Seat 1: f6a4431c (button) folded before Flop (didn't bet)
Seat 2: 41e967b3 (small blind) folded before Flop
Seat 3: 36ee5725 (big blind) folded before Flop
Seat 4: 393c1ed folded before Flop (didn't bet)
Seat 5: Hero collected ($0.25)
Seat 6: ee1974af folded before Flop (didn't bet)


Poker Hand #RC1449800492: Hold'em No Limit  ($0.05/$0.1) - 2023/04/04 09:24:33
Table 'RushAndCash1635752' 6-max Seat #1 is the button
Seat 1: 90ea5484 ($20.45 in chips)
Seat 2: 1b4a9a9b ($11.55 in chips)
Seat 3: 7f640309 ($8.3 in chips)
Seat 4: 6134c602 ($12.29 in chips)
Seat 5: Hero ($18.83 in chips)
Seat 6: 5e399419 ($9.36 in chips)
1b4a9a9b: posts small blind $0.05
7f640309: posts big blind $0.1
*** HOLE CARDS ***
Dealt to 90ea5484 
Dealt to 1b4a9a9b 
Dealt to 7f640309 
Dealt to 6134c602 
Dealt to Hero [Th Jd]
Dealt to 5e399419 
6134c602: folds
Hero: folds
5e399419: folds
90ea5484: raises $0.2 to $0.3
1b4a9a9b: folds
7f640309: folds
Uncalled bet ($0.2) returned to 90ea5484
*** SHOWDOWN ***
90ea5484 collected $0.25 from pot
*** SUMMARY ***
Total pot $0.25 | Rake $0 | Jackpot $0 | Bingo $0 | Fortune $0
Seat 1: 90ea5484 (button) collected ($0.25)
Seat 2: 1b4a9a9b (small blind) folded before Flop
Seat 3: 7f640309 (big blind) folded before Flop
Seat 4: 6134c602 folded before Flop (didn't bet)
Seat 5: Hero folded before Flop (didn't bet)
Seat 6: 5e399419 folded before Flop (didn't bet)


Poker Hand #RC1449800453: Hold'em No Limit  ($0.05/$0.1) - 2023/04/04 09:24:27
Table 'RushAndCash1635713' 6-max Seat #1 is the button
Seat 1: Hero ($18.83 in chips)
Seat 2: 16579a51 ($9.34 in chips)
Seat 3: 1fa38aec ($10 in chips)
Seat 4: 370a0d41 ($13.02 in chips)
Seat 5: 8f2bee09 ($49.19 in chips)
Seat 6: 1abf89d8 ($12.71 in chips)
16579a51: posts small blind $0.05
1fa38aec: posts big blind $0.1
*** HOLE CARDS ***
Dealt to Hero [4s 7s]
Dealt to 16579a51 
Dealt to 1fa38aec 
Dealt to 370a0d41 
Dealt to 8f2bee09 
Dealt to 1abf89d8 
370a0d41: folds
8f2bee09: raises $0.1 to $0.2
1abf89d8: calls $0.2
Hero: folds
16579a51: raises $0.47 to $0.67
1fa38aec: folds
8f2bee09: raises $0.47 to $1.14
1abf89d8: calls $0.94
16579a51: folds
*** FLOP *** [Ad 6h 9h]
8f2bee09: bets $1.05
1abf89d8: folds
Uncalled bet ($1.05) returned to 8f2bee09
*** SHOWDOWN ***
8f2bee09 collected $2.76 from pot
*** SUMMARY ***
Total pot $3.05 | Rake $0.14 | Jackpot $0.15 | Bingo $0 | Fortune $0
Board [Ad 6h 9h]
Seat 1: Hero (button) folded before Flop (didn't bet)
Seat 2: 16579a51 (small blind) folded before Flop
Seat 3: 1fa38aec (big blind) folded before Flop
Seat 4: 370a0d41 folded before Flop (didn't bet)
Seat 5: 8f2bee09 won ($2.76)
Seat 6: 1abf89d8 folded on the Flop


Poker Hand #RC1449800204: Hold'em No Limit  ($0.05/$0.1) - 2023/04/04 09:23:47
Table 'RushAndCash1635464' 6-max Seat #1 is the button
Seat 1: ababf253 ($10.24 in chips)
Seat 2: Hero ($19.13 in chips)
Seat 3: 8f2bee09 ($48.92 in chips)
Seat 4: 3360c9de ($16.31 in chips)
Seat 5: 57cd84a4 ($10 in chips)
Seat 6: 5b03a77e ($23.88 in chips)
Hero: posts small blind $0.05
8f2bee09: posts big blind $0.1
*** HOLE CARDS ***
Dealt to ababf253 
Dealt to Hero [6d Kd]
Dealt to 8f2bee09 
Dealt to 3360c9de 
Dealt to 57cd84a4 
Dealt to 5b03a77e 
3360c9de: folds
57cd84a4: folds
5b03a77e: folds
ababf253: folds
Hero: raises $0.2 to $0.3
8f2bee09: raises $0.6 to $0.9
Hero: folds
Uncalled bet ($0.6) returned to 8f2bee09
8f2bee09: shows [Qh Ac]
*** SHOWDOWN ***
8f2bee09 collected $0.57 from pot
*** SUMMARY ***
Total pot $0.6 | Rake $0.03 | Jackpot $0 | Bingo $0 | Fortune $0
Seat 1: ababf253 (button) folded before Flop (didn't bet)
Seat 2: Hero (small blind) folded before Flop
Seat 3: 8f2bee09 (big blind) showed [Qh Ac] and collected ($0.57)
Seat 4: 3360c9de folded before Flop (didn't bet)
Seat 5: 57cd84a4 folded before Flop (didn't bet)
Seat 6: 5b03a77e folded before Flop (didn't bet)


Poker Hand #RC1449800156: Hold'em No Limit  ($0.05/$0.1) - 2023/04/04 09:23:38
Table 'RushAndCash1635416' 6-max Seat #1 is the button
Seat 1: df7b031a ($12.89 in chips)
Seat 2: 34a5140 ($14.25 in chips)
Seat 3: Hero ($19.23 in chips)
Seat 4: b1e4d625 ($6.76 in chips)
Seat 5: 370a0d41 ($13.02 in chips)
Seat 6: 5804a7f8 ($19.96 in chips)
34a5140: posts small blind $0.05
Hero: posts big blind $0.1
*** HOLE CARDS ***
Dealt to df7b031a 
Dealt to 34a5140 
Dealt to Hero [7c 2s]
Dealt to b1e4d625 
Dealt to 370a0d41 
Dealt to 5804a7f8 
b1e4d625: folds
370a0d41: folds
5804a7f8: raises $0.15 to $0.25
df7b031a: folds
34a5140: folds
Hero: folds
Uncalled bet ($0.15) returned to 5804a7f8
*** SHOWDOWN ***
5804a7f8 collected $0.25 from pot
*** SUMMARY ***
Total pot $0.25 | Rake $0 | Jackpot $0 | Bingo $0 | Fortune $0
Seat 1: df7b031a (button) folded before Flop (didn't bet)
Seat 2: 34a5140 (small blind) folded before Flop
Seat 3: Hero (big blind) folded before Flop
Seat 4: b1e4d625 folded before Flop (didn't bet)
Seat 5: 370a0d41 folded before Flop (didn't bet)
Seat 6: 5804a7f8 collected ($0.25)


Poker Hand #RC1449800103: Hold'em No Limit  ($0.05/$0.1) - 2023/04/04 09:23:29
Table 'RushAndCash1635363' 6-max Seat #1 is the button
Seat 1: dd8910df ($10.15 in chips)
Seat 2: 7c95f285 ($9.68 in chips)
Seat 3: ba5bb67 ($11.89 in chips)
Seat 4: 67ff04e9 ($10.95 in chips)
Seat 5: 86aadb56 ($10 in chips)
Seat 6: Hero ($19.23 in chips)
7c95f285: posts small blind $0.05
ba5bb67: posts big blind $0.1
*** HOLE CARDS ***
Dealt to dd8910df 
Dealt to 7c95f285 
Dealt to ba5bb67 
Dealt to 67ff04e9 
Dealt to 86aadb56 
Dealt to Hero [Qh 6h]
67ff04e9: folds
86aadb56: folds
Hero: folds
dd8910df: folds
7c95f285: folds
Uncalled bet ($0.05) returned to ba5bb67
*** SHOWDOWN ***
ba5bb67 collected $0.1 from pot
*** SUMMARY ***
Total pot $0.1 | Rake $0 | Jackpot $0 | Bingo $0 | Fortune $0
Seat 1: dd8910df (button) folded before Flop (didn't bet)
Seat 2: 7c95f285 (small blind) folded before Flop
Seat 3: ba5bb67 (big blind) collected ($0.1)
Seat 4: 67ff04e9 folded before Flop (didn't bet)
Seat 5: 86aadb56 folded before Flop (didn't bet)
Seat 6: Hero folded before Flop (didn't bet)


Poker Hand #RC1449799901: Hold'em No Limit  ($0.05/$0.1) - 2023/04/04 09:22:53
Table 'RushAndCash1635161' 6-max Seat #1 is the button
Seat 1: 647bd087 ($0.78 in chips)
Seat 2: 5b03a77e ($23.93 in chips)
Seat 3: f1c98705 ($15.9 in chips)
Seat 4: 7188f24f ($26.65 in chips)
Seat 5: d8c6065a ($16.61 in chips)
Seat 6: Hero ($18.38 in chips)
5b03a77e: posts small blind $0.05
f1c98705: posts big blind $0.1
*** HOLE CARDS ***
Dealt to 647bd087 
Dealt to 5b03a77e 
Dealt to f1c98705 
Dealt to 7188f24f 
Dealt to d8c6065a 
Dealt to Hero [Kh As]
7188f24f: folds
d8c6065a: folds
Hero: raises $0.15 to $0.25
647bd087: raises $0.53 to $0.78 and is all-in
5b03a77e: folds
f1c98705: folds
Hero: calls $0.53
647bd087: shows [Jc Ks]
Hero: shows [Kh As]
*** FLOP *** [5d 7h Td]
*** TURN *** [5d 7h Td] [5h]
*** RIVER *** [5d 7h Td 5h] [Ah]
*** SHOWDOWN ***
Hero collected $1.63 from pot
*** SUMMARY ***
Total pot $1.71 | Rake $0.08 | Jackpot $0 | Bingo $0 | Fortune $0
Board [5d 7h Td 5h Ah]
Seat 1: 647bd087 (button) showed [Jc Ks] and lost with Pair of Fives
Seat 2: 5b03a77e (small blind) folded before Flop
Seat 3: f1c98705 (big blind) folded before Flop
Seat 4: 7188f24f folded before Flop (didn't bet)
Seat 5: d8c6065a folded before Flop (didn't bet)
Seat 6: Hero showed [Kh As] and won ($1.63) with Pair of Aces and Pair of Fives


Poker Hand #RC1449799866: Hold'em No Limit  ($0.05/$0.1) - 2023/04/04 09:22:47
Table 'RushAndCash1635126' 6-max Seat #1 is the button
Seat 1: 8381a116 ($10 in chips)
Seat 2: 2dc6fddf ($48.85 in chips)
Seat 3: 483b475d ($10 in chips)
Seat 4: 6f72ca1d ($24.09 in chips)
Seat 5: Hero ($18.38 in chips)
Seat 6: aca25a8f ($7.57 in chips)
2dc6fddf: posts small blind $0.05
483b475d: posts big blind $0.1
*** HOLE CARDS ***
Dealt to 8381a116 
Dealt to 2dc6fddf 
Dealt to 483b475d 
Dealt to 6f72ca1d 
Dealt to Hero [6h 5d]
Dealt to aca25a8f 
6f72ca1d: folds
Hero: folds
aca25a8f: raises $0.1 to $0.2
8381a116: folds
2dc6fddf: folds
483b475d: calls $0.1
*** FLOP *** [2s 4h Ad]
483b475d: checks
aca25a8f: bets $0.23
483b475d: calls $0.23
*** TURN *** [2s 4h Ad] [Td]
483b475d: checks
aca25a8f: checks
*** RIVER *** [2s 4h Ad Td] [6s]
483b475d: bets $1.01
aca25a8f: folds
Uncalled bet ($1.01) returned to 483b475d
*** SHOWDOWN ***
483b475d collected $0.87 from pot
*** SUMMARY ***
Total pot $0.91 | Rake $0.04 | Jackpot $0 | Bingo $0 | Fortune $0
Board [2s 4h Ad Td 6s]
Seat 1: 8381a116 (button) folded before Flop (didn't bet)
Seat 2: 2dc6fddf (small blind) folded before Flop
Seat 3: 483b475d (big blind) won ($0.87)
Seat 4: 6f72ca1d folded before Flop (didn't bet)
Seat 5: Hero folded before Flop (didn't bet)
Seat 6: aca25a8f folded on the River


Poker Hand #RC1449799830: Hold'em No Limit  ($0.05/$0.1) - 2023/04/04 09:22:41
Table 'RushAndCash1635090' 6-max Seat #1 is the button
Seat 1: Hero ($18.38 in chips)
Seat 2: 2eb6b835 ($60.02 in chips)
Seat 3: 81c71f4f ($8.09 in chips)
Seat 4: c82927a6 ($10.3 in chips)
Seat 5: 299b4034 ($10.15 in chips)
Seat 6: 71bf8b3b ($10 in chips)
2eb6b835: posts small blind $0.05
81c71f4f: posts big blind $0.1
*** HOLE CARDS ***
Dealt to Hero [3h Qc]
Dealt to 2eb6b835 
Dealt to 81c71f4f 
Dealt to c82927a6 
Dealt to 299b4034 
Dealt to 71bf8b3b 
c82927a6: folds
299b4034: folds
71bf8b3b: folds
Hero: folds
2eb6b835: folds
Uncalled bet ($0.05) returned to 81c71f4f
*** SHOWDOWN ***
81c71f4f collected $0.1 from pot
*** SUMMARY ***
Total pot $0.1 | Rake $0 | Jackpot $0 | Bingo $0 | Fortune $0
Seat 1: Hero (button) folded before Flop (didn't bet)
Seat 2: 2eb6b835 (small blind) folded before Flop
Seat 3: 81c71f4f (big blind) collected ($0.1)
Seat 4: c82927a6 folded before Flop (didn't bet)
Seat 5: 299b4034 folded before Flop (didn't bet)
Seat 6: 71bf8b3b folded before Flop (didn't bet)


Poker Hand #RC1449799804: Hold'em No Limit  ($0.05/$0.1) - 2023/04/04 09:22:36
Table 'RushAndCash1635064' 6-max Seat #1 is the button
Seat 1: 4c97c80 ($13.17 in chips)
Seat 2: Hero ($18.43 in chips)
Seat 3: 1c016ed1 ($22.43 in chips)
Seat 4: b23317fa ($10 in chips)
Seat 5: 7bcf4fe8 ($21.39 in chips)
Seat 6: 13188cd4 ($17.46 in chips)
Hero: posts small blind $0.05
1c016ed1: posts big blind $0.1
*** HOLE CARDS ***
Dealt to 4c97c80 
Dealt to Hero [3h Jd]
Dealt to 1c016ed1 
Dealt to b23317fa 
Dealt to 7bcf4fe8 
Dealt to 13188cd4 
b23317fa: folds
7bcf4fe8: folds
13188cd4: folds
4c97c80: folds
Hero: folds
Uncalled bet ($0.05) returned to 1c016ed1
*** SHOWDOWN ***
1c016ed1 collected $0.1 from pot
*** SUMMARY ***
Total pot $0.1 | Rake $0 | Jackpot $0 | Bingo $0 | Fortune $0
Seat 1: 4c97c80 (button) folded before Flop (didn't bet)
Seat 2: Hero (small blind) folded before Flop
Seat 3: 1c016ed1 (big blind) collected ($0.1)
Seat 4: b23317fa folded before Flop (didn't bet)
Seat 5: 7bcf4fe8 folded before Flop (didn't bet)
Seat 6: 13188cd4 folded before Flop (didn't bet)


Poker Hand #RC1449799614: Hold'em No Limit  ($0.05/$0.1) - 2023/04/04 09:22:04
Table 'RushAndCash1634874' 6-max Seat #1 is the button
Seat 1: 302595ce ($13.07 in chips)
Seat 2: 99293d4d ($16.24 in chips)
Seat 3: Hero ($18.65 in chips)
Seat 4: 707de10c ($10 in chips)
Seat 5: 7bcf4fe8 ($21.14 in chips)
Seat 6: 8cbe7340 ($13.41 in chips)
99293d4d: posts small blind $0.05
Hero: posts big blind $0.1
*** HOLE CARDS ***
Dealt to 302595ce 
Dealt to 99293d4d 
Dealt to Hero [7h Kh]
Dealt to 707de10c 
Dealt to 7bcf4fe8 
Dealt to 8cbe7340 
707de10c: folds
7bcf4fe8: raises $0.12 to $0.22
8cbe7340: folds
302595ce: folds
99293d4d: folds
Hero: calls $0.12
*** FLOP *** [3d Tc 4s]
Hero: checks
7bcf4fe8: bets $0.25
Hero: folds
Uncalled bet ($0.25) returned to 7bcf4fe8
*** SHOWDOWN ***
7bcf4fe8 collected $0.47 from pot
*** SUMMARY ***
Total pot $0.49 | Rake $0.02 | Jackpot $0 | Bingo $0 | Fortune $0
Board [3d Tc 4s]
Seat 1: 302595ce (button) folded before Flop (didn't bet)
Seat 2: 99293d4d (small blind) folded before Flop
Seat 3: Hero (big blind) folded on the Flop
Seat 4: 707de10c folded before Flop (didn't bet)
Seat 5: 7bcf4fe8 won ($0.47)
Seat 6: 8cbe7340 folded before Flop (didn't bet)


Poker Hand #RC1449799580: Hold'em No Limit  ($0.05/$0.1) - 2023/04/04 09:21:58
Table 'RushAndCash1634840' 6-max Seat #1 is the button
Seat 1: e8d2b644 ($10.47 in chips)
Seat 2: 8a11dd6e ($21.98 in chips)
Seat 3: c259e375 ($10 in chips)
Seat 4: Hero ($18.65 in chips)
Seat 5: 10ba68e9 ($10 in chips)
Seat 6: 2b781ad6 ($10.82 in chips)
8a11dd6e: posts small blind $0.05
c259e375: posts big blind $0.1
*** HOLE CARDS ***
Dealt to e8d2b644 
Dealt to 8a11dd6e 
Dealt to c259e375 
Dealt to Hero [6s Ad]
Dealt to 10ba68e9 
Dealt to 2b781ad6 
Hero: folds
10ba68e9: folds
2b781ad6: folds
e8d2b644: folds
8a11dd6e: folds
Uncalled bet ($0.05) returned to c259e375
*** SHOWDOWN ***
c259e375 collected $0.1 from pot
*** SUMMARY ***
Total pot $0.1 | Rake $0 | Jackpot $0 | Bingo $0 | Fortune $0
Seat 1: e8d2b644 (button) folded before Flop (didn't bet)
Seat 2: 8a11dd6e (small blind) folded before Flop
Seat 3: c259e375 (big blind) collected ($0.1)
Seat 4: Hero folded before Flop (didn't bet)
Seat 5: 10ba68e9 folded before Flop (didn't bet)
Seat 6: 2b781ad6 folded before Flop (didn't bet)


Poker Hand #RC1449799554: Hold'em No Limit  ($0.05/$0.1) - 2023/04/04 09:21:53
Table 'RushAndCash1634814' 6-max Seat #1 is the button
Seat 1: da67002e ($6 in chips)
Seat 2: 67ff04e9 ($10.4 in chips)
Seat 3: d0a1549 ($11.04 in chips)
Seat 4: Hero ($18.65 in chips)
Seat 5: 1fa38aec ($10 in chips)
Seat 6: 2627468a ($11.01 in chips)
67ff04e9: posts small blind $0.05
d0a1549: posts big blind $0.1
*** HOLE CARDS ***
Dealt to da67002e 
Dealt to 67ff04e9 
Dealt to d0a1549 
Dealt to Hero [7s 4c]
Dealt to 1fa38aec 
Dealt to 2627468a 
Hero: folds
1fa38aec: folds
2627468a: folds
da67002e: raises $0.2 to $0.3
67ff04e9: folds
d0a1549: folds
Uncalled bet ($0.2) returned to da67002e
*** SHOWDOWN ***
da67002e collected $0.25 from pot
*** SUMMARY ***
Total pot $0.25 | Rake $0 | Jackpot $0 | Bingo $0 | Fortune $0
Seat 1: da67002e (button) collected ($0.25)
Seat 2: 67ff04e9 (small blind) folded before Flop
Seat 3: d0a1549 (big blind) folded before Flop
Seat 4: Hero folded before Flop (didn't bet)
Seat 5: 1fa38aec folded before Flop (didn't bet)
Seat 6: 2627468a folded before Flop (didn't bet)


Poker Hand #RC1449799487: Hold'em No Limit  ($0.05/$0.1) - 2023/04/04 09:21:41
Table 'RushAndCash1634747' 6-max Seat #1 is the button
Seat 1: 7bcf4fe8 ($20.99 in chips)
Seat 2: 34a5140 ($14.02 in chips)
Seat 3: 20cab432 ($11.39 in chips)
Seat 4: f86e8209 ($25.6 in chips)
Seat 5: Hero ($18.5 in chips)
Seat 6: dbf53cbc ($16.97 in chips)
34a5140: posts small blind $0.05
20cab432: posts big blind $0.1
*** HOLE CARDS ***
Dealt to 7bcf4fe8 
Dealt to 34a5140 
Dealt to 20cab432 
Dealt to f86e8209 
Dealt to Hero [5c 6c]
Dealt to dbf53cbc 
f86e8209: folds
Hero: raises $0.15 to $0.25
dbf53cbc: folds
7bcf4fe8: folds
34a5140: folds
20cab432: folds
Uncalled bet ($0.15) returned to Hero
*** SHOWDOWN ***
Hero collected $0.25 from pot
*** SUMMARY ***
Total pot $0.25 | Rake $0 | Jackpot $0 | Bingo $0 | Fortune $0
Seat 1: 7bcf4fe8 (button) folded before Flop (didn't bet)
Seat 2: 34a5140 (small blind) folded before Flop
Seat 3: 20cab432 (big blind) folded before Flop
Seat 4: f86e8209 folded before Flop (didn't bet)
Seat 5: Hero collected ($0.25)
Seat 6: dbf53cbc folded before Flop (didn't bet)


Poker Hand #RC1449799201: Hold'em No Limit  ($0.05/$0.1) - 2023/04/04 09:20:51
Table 'RushAndCash1634461' 6-max Seat #1 is the button
Seat 1: Hero ($18.04 in chips)
Seat 2: 6e0b1454 ($10 in chips)
Seat 3: 34a5140 ($14.42 in chips)
Seat 4: d9e3d440 ($14.1 in chips)
Seat 5: e62f0e25 ($12.22 in chips)
Seat 6: a6514ab4 ($10.9 in chips)
6e0b1454: posts small blind $0.05
34a5140: posts big blind $0.1
*** HOLE CARDS ***
Dealt to Hero [Jh 8d]
Dealt to 6e0b1454 
Dealt to 34a5140 
Dealt to d9e3d440 
Dealt to e62f0e25 
Dealt to a6514ab4 
d9e3d440: folds
e62f0e25: folds
a6514ab4: folds
Hero: raises $0.15 to $0.25
6e0b1454: calls $0.2
34a5140: folds
*** FLOP *** [8s Kh Kc]
6e0b1454: checks
Hero: checks
*** TURN *** [8s Kh Kc] [Ad]
6e0b1454: checks
Hero: checks
*** RIVER *** [8s Kh Kc Ad] [7s]
6e0b1454: checks
Hero: bets $0.15
6e0b1454: calls $0.15
Hero: shows [Jh 8d] (Pair of Kings and Pair of Eights)
6e0b1454: shows [5d 5h] (Pair of Kings and Pair of Fives)
*** SHOWDOWN ***
Hero collected $0.86 from pot
*** SUMMARY ***
Total pot $0.9 | Rake $0.04 | Jackpot $0 | Bingo $0 | Fortune $0
Board [8s Kh Kc Ad 7s]
Seat 1: Hero (button) showed [Jh 8d] and won ($0.86) with Pair of Kings and Pair of Eights
Seat 2: 6e0b1454 (small blind) showed [5d 5h] and lost with Pair of Kings and Pair of Fives
Seat 3: 34a5140 (big blind) folded before Flop
Seat 4: d9e3d440 folded before Flop (didn't bet)
Seat 5: e62f0e25 folded before Flop (didn't bet)
Seat 6: a6514ab4 folded before Flop (didn't bet)


Poker Hand #RC1449799132: Hold'em No Limit  ($0.05/$0.1) - 2023/04/04 09:20:37
Table 'RushAndCash1634392' 6-max Seat #1 is the button
Seat 1: 13188cd4 ($16.04 in chips)
Seat 2: 37edb56c ($16.57 in chips)
Seat 3: Hero ($18.14 in chips)
Seat 4: 6db8b94e ($10.05 in chips)
Seat 5: 8feb7b2 ($11.51 in chips)
Seat 6: 4ad1045 ($12.56 in chips)
37edb56c: posts small blind $0.05
Hero: posts big blind $0.1
*** HOLE CARDS ***
Dealt to 13188cd4 
Dealt to 37edb56c 
Dealt to Hero [Ad 9d]
Dealt to 6db8b94e 
Dealt to 8feb7b2 
Dealt to 4ad1045 
6db8b94e: folds
8feb7b2: folds
4ad1045: raises $0.15 to $0.25
13188cd4: raises $0.33 to $0.58
37edb56c: folds
Hero: folds
4ad1045: raises $0.83 to $1.41
13188cd4: raises $1.39 to $2.8
4ad1045: folds
Uncalled bet ($1.39) returned to 13188cd4
*** SHOWDOWN ***
13188cd4 collected $2.83 from pot
*** SUMMARY ***
Total pot $2.97 | Rake $0.14 | Jackpot $0 | Bingo $0 | Fortune $0
Seat 1: 13188cd4 (button) collected ($2.83)
Seat 2: 37edb56c (small blind) folded before Flop
Seat 3: Hero (big blind) folded before Flop
Seat 4: 6db8b94e folded before Flop (didn't bet)
Seat 5: 8feb7b2 folded before Flop (didn't bet)
Seat 6: 4ad1045 folded before Flop


Poker Hand #RC1449799106: Hold'em No Limit  ($0.05/$0.1) - 2023/04/04 09:20:32
Table 'RushAndCash1634366' 6-max Seat #1 is the button
Seat 1: 1fc7e629 ($13.18 in chips)
Seat 2: Hero ($18.19 in chips)
Seat 3: 2d725043 ($10.15 in chips)
Seat 4: b316c5e0 ($8.07 in chips)
Seat 5: 31756236 ($10.6 in chips)
Seat 6: 6db8b94e ($10.05 in chips)
Hero: posts small blind $0.05
2d725043: posts big blind $0.1
*** HOLE CARDS ***
Dealt to 1fc7e629 
Dealt to Hero [9s 7d]
Dealt to 2d725043 
Dealt to b316c5e0 
Dealt to 31756236 
Dealt to 6db8b94e 
b316c5e0: folds
31756236: folds
6db8b94e: folds
1fc7e629: folds
Hero: folds
Uncalled bet ($0.05) returned to 2d725043
*** SHOWDOWN ***
2d725043 collected $0.1 from pot
*** SUMMARY ***
Total pot $0.1 | Rake $0 | Jackpot $0 | Bingo $0 | Fortune $0
Seat 1: 1fc7e629 (button) folded before Flop (didn't bet)
Seat 2: Hero (small blind) folded before Flop
Seat 3: 2d725043 (big blind) collected ($0.1)
Seat 4: b316c5e0 folded before Flop (didn't bet)
Seat 5: 31756236 folded before Flop (didn't bet)
Seat 6: 6db8b94e folded before Flop (didn't bet)


Poker Hand #RC1449799075: Hold'em No Limit  ($0.05/$0.1) - 2023/04/04 09:20:28
Table 'RushAndCash1634335' 6-max Seat #1 is the button
Seat 1: 543524dc ($10 in chips)
Seat 2: 2368500f ($6.08 in chips)
Seat 3: 34ddcc9e ($26.11 in chips)
Seat 4: 6dcd768 ($10 in chips)
Seat 5: Hero ($18.19 in chips)
Seat 6: afc136cc ($12.02 in chips)
2368500f: posts small blind $0.05
34ddcc9e: posts big blind $0.1
*** HOLE CARDS ***
Dealt to 543524dc 
Dealt to 2368500f 
Dealt to 34ddcc9e 
Dealt to 6dcd768 
Dealt to Hero [6c Th]
Dealt to afc136cc 
6dcd768: raises $0.3 to $0.4
Hero: folds
afc136cc: folds
543524dc: raises $0.72 to $1.12
2368500f: folds
34ddcc9e: folds
6dcd768: calls $0.72
*** FLOP *** [Qd 3h 9c]
6dcd768: bets $0.38
543524dc: raises $0.94 to $1.32
6dcd768: raises $7.56 to $8.88 and is all-in
543524dc: calls $7.56 and is all-in
6dcd768: shows [Qh Jh] (Pair of Queens)
543524dc: shows [9h 9s] (Three Nines)
*** FIRST TURN *** [Qd 3h 9c] [5s]
*** FIRST RIVER *** [Qd 3h 9c 5s] [5c]
*** SECOND TURN *** [Qd 3h 9c] [Kh]
*** SECOND RIVER *** [Qd 3h 9c Kh] [8c]
*** FIRST SHOWDOWN ***
543524dc collected $9.85 from pot
*** SECOND SHOWDOWN ***
543524dc collected $9.85 from pot
*** SUMMARY ***
Total pot $20.15 | Rake $0.3 | Jackpot $0.15 | Bingo $0 | Fortune $0
Hand was run two times
FIRST Board [Qd 3h 9c 5s 5c]
SECOND Board [Kh 8c]
Seat 1: 543524dc (button) showed [9h 9s] and won ($9.85) with Nines Full over Fives, and won ($9.85)
Seat 2: 2368500f (small blind) folded before Flop
Seat 3: 34ddcc9e (big blind) folded before Flop
Seat 4: 6dcd768 showed [Qh Jh] and lost with Pair of Queens and Pair of Fives, and lost
Seat 5: Hero folded before Flop (didn't bet)
Seat 6: afc136cc folded before Flop (didn't bet)


Poker Hand #RC1449799024: Hold'em No Limit  ($0.05/$0.1) - 2023/04/04 09:20:19
Table 'RushAndCash1634284' 6-max Seat #1 is the button
Seat 1: 194e7854 ($10.63 in chips)
Seat 2: c94ea92a ($10.5 in chips)
Seat 3: 707de10c ($10 in chips)
Seat 4: f59d6b1a ($11.1 in chips)
Seat 5: Hero ($18.19 in chips)
Seat 6: 22f07e7d ($14.15 in chips)
c94ea92a: posts small blind $0.05
707de10c: posts big blind $0.1
*** HOLE CARDS ***
Dealt to 194e7854 
Dealt to c94ea92a 
Dealt to 707de10c 
Dealt to f59d6b1a 
Dealt to Hero [2s Kd]
Dealt to 22f07e7d 
f59d6b1a: folds
Hero: folds
22f07e7d: folds
194e7854: raises $0.2 to $0.3
c94ea92a: folds
707de10c: calls $0.2
*** FLOP *** [2c 4h 6s]
707de10c: checks
194e7854: checks
*** TURN *** [2c 4h 6s] [4s]
707de10c: checks
194e7854: checks
*** RIVER *** [2c 4h 6s 4s] [2d]
707de10c: checks
194e7854: checks
707de10c: shows [Ts Jc] (Pair of Fours and Pair of Twos)
194e7854: shows [Jh Ks] (Pair of Fours and Pair of Twos)
*** SHOWDOWN ***
194e7854 collected $0.62 from pot
*** SUMMARY ***
Total pot $0.65 | Rake $0.03 | Jackpot $0 | Bingo $0 | Fortune $0
Board [2c 4h 6s 4s 2d]
Seat 1: 194e7854 (button) showed [Jh Ks] and won ($0.62) with Pair of Fours and Pair of Twos
Seat 2: c94ea92a (small blind) folded before Flop
Seat 3: 707de10c (big blind) showed [Ts Jc] and lost with Pair of Fours and Pair of Twos
Seat 4: f59d6b1a folded before Flop (didn't bet)
Seat 5: Hero folded before Flop (didn't bet)
Seat 6: 22f07e7d folded before Flop (didn't bet)


Poker Hand #RC1449798980: Hold'em No Limit  ($0.05/$0.1) - 2023/04/04 09:20:11
Table 'RushAndCash1634240' 6-max Seat #1 is the button
Seat 1: 37ad8974 ($8.3 in chips)
Seat 2: 997a28fc ($10 in chips)
Seat 3: 12fcd6b0 ($10.11 in chips)
Seat 4: 598b88bb ($15.18 in chips)
Seat 5: 3f1a4798 ($13.85 in chips)
Seat 6: Hero ($18.19 in chips)
997a28fc: posts small blind $0.05
12fcd6b0: posts big blind $0.1
*** HOLE CARDS ***
Dealt to 37ad8974 
Dealt to 997a28fc 
Dealt to 12fcd6b0 
Dealt to 598b88bb 
Dealt to 3f1a4798 
Dealt to Hero [Qd 9s]
598b88bb: folds
3f1a4798: folds
Hero: folds
37ad8974: raises $0.1 to $0.2
997a28fc: folds
12fcd6b0: folds
Uncalled bet ($0.1) returned to 37ad8974
*** SHOWDOWN ***
37ad8974 collected $0.25 from pot
*** SUMMARY ***
Total pot $0.25 | Rake $0 | Jackpot $0 | Bingo $0 | Fortune $0
Seat 1: 37ad8974 (button) collected ($0.25)
Seat 2: 997a28fc (small blind) folded before Flop
Seat 3: 12fcd6b0 (big blind) folded before Flop
Seat 4: 598b88bb folded before Flop (didn't bet)
Seat 5: 3f1a4798 folded before Flop (didn't bet)
Seat 6: Hero folded before Flop (didn't bet)


Poker Hand #RC1449798949: Hold'em No Limit  ($0.05/$0.1) - 2023/04/04 09:20:05
Table 'RushAndCash1634209' 6-max Seat #1 is the button
Seat 1: Hero ($18.19 in chips)
Seat 2: 777449d0 ($20.56 in chips)
Seat 3: 91283eb3 ($14.12 in chips)
Seat 4: 17b3c035 ($9.22 in chips)
Seat 5: a4d67c93 ($3.8 in chips)
Seat 6: 41cf57e0 ($16.91 in chips)
777449d0: posts small blind $0.05
91283eb3: posts big blind $0.1
*** HOLE CARDS ***
Dealt to Hero [5h 6d]
Dealt to 777449d0 
Dealt to 91283eb3 
Dealt to 17b3c035 
Dealt to a4d67c93 
Dealt to 41cf57e0 
17b3c035: raises $0.12 to $0.22
a4d67c93: folds
41cf57e0: folds
Hero: folds
777449d0: folds
91283eb3: folds
Uncalled bet ($0.12) returned to 17b3c035
*** SHOWDOWN ***
17b3c035 collected $0.25 from pot
*** SUMMARY ***
Total pot $0.25 | Rake $0 | Jackpot $0 | Bingo $0 | Fortune $0
Seat 1: Hero (button) folded before Flop (didn't bet)
Seat 2: 777449d0 (small blind) folded before Flop
Seat 3: 91283eb3 (big blind) folded before Flop
Seat 4: 17b3c035 collected ($0.25)
Seat 5: a4d67c93 folded before Flop (didn't bet)
Seat 6: 41cf57e0 folded before Flop (didn't bet)


Poker Hand #RC1449798920: Hold'em No Limit  ($0.05/$0.1) - 2023/04/04 09:19:59
Table 'RushAndCash1634180' 6-max Seat #1 is the button
Seat 1: 2eb6b835 ($61.82 in chips)
Seat 2: Hero ($18.24 in chips)
Seat 3: 6f72ca1d ($24.31 in chips)
Seat 4: df9cbb37 ($14.52 in chips)
Seat 5: e8b6da81 ($8.75 in chips)
Seat 6: 9b8722db ($12.34 in chips)
Hero: posts small blind $0.05
6f72ca1d: posts big blind $0.1
*** HOLE CARDS ***
Dealt to 2eb6b835 
Dealt to Hero [Qc 4s]
Dealt to 6f72ca1d 
Dealt to df9cbb37 
Dealt to e8b6da81 
Dealt to 9b8722db 
df9cbb37: folds
e8b6da81: folds
9b8722db: folds
2eb6b835: raises $0.15 to $0.25
Hero: folds
6f72ca1d: folds
Uncalled bet ($0.15) returned to 2eb6b835
*** SHOWDOWN ***
2eb6b835 collected $0.25 from pot
*** SUMMARY ***
Total pot $0.25 | Rake $0 | Jackpot $0 | Bingo $0 | Fortune $0
Seat 1: 2eb6b835 (button) collected ($0.25)
Seat 2: Hero (small blind) folded before Flop
Seat 3: 6f72ca1d (big blind) folded before Flop
Seat 4: df9cbb37 folded before Flop (didn't bet)
Seat 5: e8b6da81 folded before Flop (didn't bet)
Seat 6: 9b8722db folded before Flop (didn't bet)


Poker Hand #RC1449798893: Hold'em No Limit  ($0.05/$0.1) - 2023/04/04 09:19:55
Table 'RushAndCash1634153' 6-max Seat #1 is the button
Seat 1: 46452bd4 ($8.16 in chips)
Seat 2: 19fa5905 ($41.2 in chips)
Seat 3: Hero ($18.34 in chips)
Seat 4: b7186dba ($5.53 in chips)
Seat 5: ad6030b8 ($7.67 in chips)
Seat 6: 667f3248 ($9.4 in chips)
19fa5905: posts small blind $0.05
Hero: posts big blind $0.1
*** HOLE CARDS ***
Dealt to 46452bd4 
Dealt to 19fa5905 
Dealt to Hero [7h 9d]
Dealt to b7186dba 
Dealt to ad6030b8 
Dealt to 667f3248 
b7186dba: folds
ad6030b8: folds
667f3248: raises $0.15 to $0.25
46452bd4: folds
19fa5905: folds
Hero: folds
Uncalled bet ($0.15) returned to 667f3248
*** SHOWDOWN ***
667f3248 collected $0.25 from pot
*** SUMMARY ***
Total pot $0.25 | Rake $0 | Jackpot $0 | Bingo $0 | Fortune $0
Seat 1: 46452bd4 (button) folded before Flop (didn't bet)
Seat 2: 19fa5905 (small blind) folded before Flop
Seat 3: Hero (big blind) folded before Flop
Seat 4: b7186dba folded before Flop (didn't bet)
Seat 5: ad6030b8 folded before Flop (didn't bet)
Seat 6: 667f3248 collected ($0.25)


Poker Hand #RC1449798849: Hold'em No Limit  ($0.05/$0.1) - 2023/04/04 09:19:47
Table 'RushAndCash1634109' 6-max Seat #1 is the button
Seat 1: 863339f ($10 in chips)
Seat 2: add49d24 ($37.74 in chips)
Seat 3: 6e4948c2 ($13.47 in chips)
Seat 4: a09a885f ($10.35 in chips)
Seat 5: 7bab232d ($15.51 in chips)
Seat 6: Hero ($18.34 in chips)
add49d24: posts small blind $0.05
6e4948c2: posts big blind $0.1
*** HOLE CARDS ***
Dealt to 863339f 
Dealt to add49d24 
Dealt to 6e4948c2 
Dealt to a09a885f 
Dealt to 7bab232d 
Dealt to Hero [8s 5d]
a09a885f: folds
7bab232d: raises $0.14 to $0.24
Hero: folds
863339f: folds
add49d24: folds
6e4948c2: raises $0.84 to $1.08
7bab232d: calls $0.84
*** FLOP *** [Th Kd 8c]
6e4948c2: bets $0.84
7bab232d: folds
Uncalled bet ($0.84) returned to 6e4948c2
*** SHOWDOWN ***
6e4948c2 collected $2.1 from pot
*** SUMMARY ***
Total pot $2.21 | Rake $0.11 | Jackpot $0 | Bingo $0 | Fortune $0
Board [Th Kd 8c]
Seat 1: 863339f (button) folded before Flop (didn't bet)
Seat 2: add49d24 (small blind) folded before Flop
Seat 3: 6e4948c2 (big blind) won ($2.1)
Seat 4: a09a885f folded before Flop (didn't bet)
Seat 5: 7bab232d folded on the Flop
Seat 6: Hero folded before Flop (didn't bet)


Poker Hand #RC1449798818: Hold'em No Limit  ($0.05/$0.1) - 2023/04/04 09:19:41
Table 'RushAndCash1634078' 6-max Seat #1 is the button
Seat 1: 9b8722db ($12.39 in chips)
Seat 2: 8f2bee09 ($43.78 in chips)
Seat 3: e0e4ccce ($19 in chips)
Seat 4: dbc106dc ($19.74 in chips)
Seat 5: Hero ($18.34 in chips)
Seat 6: c4f64d5b ($10 in chips)
8f2bee09: posts small blind $0.05
e0e4ccce: posts big blind $0.1
*** HOLE CARDS ***
Dealt to 9b8722db 
Dealt to 8f2bee09 
Dealt to e0e4ccce 
Dealt to dbc106dc 
Dealt to Hero [2c 4h]
Dealt to c4f64d5b 
dbc106dc: folds
Hero: folds
c4f64d5b: folds
9b8722db: folds
8f2bee09: folds
Uncalled bet ($0.05) returned to e0e4ccce
*** SHOWDOWN ***
e0e4ccce collected $0.1 from pot
*** SUMMARY ***
Total pot $0.1 | Rake $0 | Jackpot $0 | Bingo $0 | Fortune $0
Seat 1: 9b8722db (button) folded before Flop (didn't bet)
Seat 2: 8f2bee09 (small blind) folded before Flop
Seat 3: e0e4ccce (big blind) collected ($0.1)
Seat 4: dbc106dc folded before Flop (didn't bet)
Seat 5: Hero folded before Flop (didn't bet)
Seat 6: c4f64d5b folded before Flop (didn't bet)


Poker Hand #RC1449798789: Hold'em No Limit  ($0.05/$0.1) - 2023/04/04 09:19:36
Table 'RushAndCash1634049' 6-max Seat #1 is the button
Seat 1: 2a1f945a ($9.3 in chips)
Seat 2: 6134c602 ($7.46 in chips)
Seat 3: c104a7b6 ($8.7 in chips)
Seat 4: 540b0c5c ($12.68 in chips)
Seat 5: Hero ($18.34 in chips)
Seat 6: a690c2ca ($11.91 in chips)
6134c602: posts small blind $0.05
c104a7b6: posts big blind $0.1
*** HOLE CARDS ***
Dealt to 2a1f945a 
Dealt to 6134c602 
Dealt to c104a7b6 
Dealt to 540b0c5c 
Dealt to Hero [Qc Td]
Dealt to a690c2ca 
540b0c5c: folds
Hero: folds
a690c2ca: folds
2a1f945a: raises $0.15 to $0.25
6134c602: folds
c104a7b6: folds
Uncalled bet ($0.15) returned to 2a1f945a
*** SHOWDOWN ***
2a1f945a collected $0.25 from pot
*** SUMMARY ***
Total pot $0.25 | Rake $0 | Jackpot $0 | Bingo $0 | Fortune $0
Seat 1: 2a1f945a (button) collected ($0.25)
Seat 2: 6134c602 (small blind) folded before Flop
Seat 3: c104a7b6 (big blind) folded before Flop
Seat 4: 540b0c5c folded before Flop (didn't bet)
Seat 5: Hero folded before Flop (didn't bet)
Seat 6: a690c2ca folded before Flop (didn't bet)


Poker Hand #RC1449798712: Hold'em No Limit  ($0.05/$0.1) - 2023/04/04 09:19:22
Table 'RushAndCash1633972' 6-max Seat #1 is the button
Seat 1: 3c868b25 ($27.25 in chips)
Seat 2: 49f92d6a ($10.12 in chips)
Seat 3: 4ce36648 ($28.32 in chips)
Seat 4: Hero ($18.19 in chips)
Seat 5: 89f165c5 ($10 in chips)
Seat 6: 7ca28bf1 ($10.05 in chips)
49f92d6a: posts small blind $0.05
4ce36648: posts big blind $0.1
*** HOLE CARDS ***
Dealt to 3c868b25 
Dealt to 49f92d6a 
Dealt to 4ce36648 
Dealt to Hero [Kd Jc]
Dealt to 89f165c5 
Dealt to 7ca28bf1 
Hero: raises $0.15 to $0.25
89f165c5: folds
7ca28bf1: folds
3c868b25: folds
49f92d6a: folds
4ce36648: folds
Uncalled bet ($0.15) returned to Hero
*** SHOWDOWN ***
Hero collected $0.25 from pot
*** SUMMARY ***
Total pot $0.25 | Rake $0 | Jackpot $0 | Bingo $0 | Fortune $0
Seat 1: 3c868b25 (button) folded before Flop (didn't bet)
Seat 2: 49f92d6a (small blind) folded before Flop
Seat 3: 4ce36648 (big blind) folded before Flop
Seat 4: Hero collected ($0.25)
Seat 5: 89f165c5 folded before Flop (didn't bet)
Seat 6: 7ca28bf1 folded before Flop (didn't bet)


Poker Hand #RC1449798686: Hold'em No Limit  ($0.05/$0.1) - 2023/04/04 09:19:18
Table 'RushAndCash1633946' 6-max Seat #1 is the button
Seat 1: Hero ($18.19 in chips)
Seat 2: 59d5e466 ($50.05 in chips)
Seat 3: 9d2ec4e3 ($17.12 in chips)
Seat 4: 86116f28 ($25.04 in chips)
Seat 5: 4128efcd ($10 in chips)
Seat 6: 39d18573 ($13.72 in chips)
59d5e466: posts small blind $0.05
9d2ec4e3: posts big blind $0.1
*** HOLE CARDS ***
Dealt to Hero [Jc 4h]
Dealt to 59d5e466 
Dealt to 9d2ec4e3 
Dealt to 86116f28 
Dealt to 4128efcd 
Dealt to 39d18573 
86116f28: folds
4128efcd: folds
39d18573: raises $0.2 to $0.3
Hero: folds
59d5e466: folds
9d2ec4e3: calls $0.2
*** FLOP *** [7s 8d Ad]
9d2ec4e3: checks
39d18573: checks
*** TURN *** [7s 8d Ad] [9d]
9d2ec4e3: checks
39d18573: checks
*** RIVER *** [7s 8d Ad 9d] [Qc]
9d2ec4e3: checks
39d18573: bets $0.49
9d2ec4e3: folds
Uncalled bet ($0.49) returned to 39d18573
*** SHOWDOWN ***
39d18573 collected $0.62 from pot
*** SUMMARY ***
Total pot $0.65 | Rake $0.03 | Jackpot $0 | Bingo $0 | Fortune $0
Board [7s 8d Ad 9d Qc]
Seat 1: Hero (button) folded before Flop (didn't bet)
Seat 2: 59d5e466 (small blind) folded before Flop
Seat 3: 9d2ec4e3 (big blind) folded on the River
Seat 4: 86116f28 folded before Flop (didn't bet)
Seat 5: 4128efcd folded before Flop (didn't bet)
Seat 6: 39d18573 won ($0.62)


Poker Hand #RC1449798339: Hold'em No Limit  ($0.05/$0.1) - 2023/04/04 09:18:20
Table 'RushAndCash1633599' 6-max Seat #1 is the button
Seat 1: 39d18573 ($14.52 in chips)
Seat 2: d374a8be ($14.9 in chips)
Seat 3: Hero ($17.42 in chips)
Seat 4: 16579a51 ($10.81 in chips)
Seat 5: f59d6b1a ($10.53 in chips)
Seat 6: 1dd24dc1 ($15.51 in chips)
d374a8be: posts small blind $0.05
Hero: posts big blind $0.1
*** HOLE CARDS ***
Dealt to 39d18573 
Dealt to d374a8be 
Dealt to Hero [As 8c]
Dealt to 16579a51 
Dealt to f59d6b1a 
Dealt to 1dd24dc1 
16579a51: folds
f59d6b1a: folds
1dd24dc1: folds
39d18573: raises $0.1 to $0.2
d374a8be: folds
Hero: raises $0.6 to $0.8
39d18573: calls $0.6
*** FLOP *** [Ts 2h Jh]
Hero: bets $0.6
39d18573: folds
Uncalled bet ($0.6) returned to Hero
*** SHOWDOWN ***
Hero collected $1.57 from pot
*** SUMMARY ***
Total pot $1.65 | Rake $0.08 | Jackpot $0 | Bingo $0 | Fortune $0
Board [Ts 2h Jh]
Seat 1: 39d18573 (button) folded on the Flop
Seat 2: d374a8be (small blind) folded before Flop
Seat 3: Hero (big blind) won ($1.57)
Seat 4: 16579a51 folded before Flop (didn't bet)
Seat 5: f59d6b1a folded before Flop (didn't bet)
Seat 6: 1dd24dc1 folded before Flop (didn't bet)


Poker Hand #RC1449798273: Hold'em No Limit  ($0.05/$0.1) - 2023/04/04 09:18:07
Table 'RushAndCash1633533' 6-max Seat #1 is the button
Seat 1: 2b781ad6 ($10 in chips)
Seat 2: Hero ($17.47 in chips)
Seat 3: 37ad8974 ($10 in chips)
Seat 4: d987b885 ($13.03 in chips)
Seat 5: 65ddd675 ($10 in chips)
Seat 6: 70198dc9 ($10.15 in chips)
Hero: posts small blind $0.05
37ad8974: posts big blind $0.1
*** HOLE CARDS ***
Dealt to 2b781ad6 
Dealt to Hero [5s 4h]
Dealt to 37ad8974 
Dealt to d987b885 
Dealt to 65ddd675 
Dealt to 70198dc9 
d987b885: folds
65ddd675: folds
70198dc9: folds
2b781ad6: raises $0.15 to $0.25
Hero: folds
37ad8974: folds
Uncalled bet ($0.15) returned to 2b781ad6
*** SHOWDOWN ***
2b781ad6 collected $0.25 from pot
*** SUMMARY ***
Total pot $0.25 | Rake $0 | Jackpot $0 | Bingo $0 | Fortune $0
Seat 1: 2b781ad6 (button) collected ($0.25)
Seat 2: Hero (small blind) folded before Flop
Seat 3: 37ad8974 (big blind) folded before Flop
Seat 4: d987b885 folded before Flop (didn't bet)
Seat 5: 65ddd675 folded before Flop (didn't bet)
Seat 6: 70198dc9 folded before Flop (didn't bet)


Poker Hand #RC1449798213: Hold'em No Limit  ($0.05/$0.1) - 2023/04/04 09:17:55
Table 'RushAndCash1633473' 6-max Seat #1 is the button
Seat 1: bbd64e60 ($20.69 in chips)
Seat 2: 3f1a4798 ($12.62 in chips)
Seat 3: 37edb56c ($17.17 in chips)
Seat 4: e39fb85e ($16.34 in chips)
Seat 5: 641fbc42 ($29.45 in chips)
Seat 6: Hero ($17.47 in chips)
3f1a4798: posts small blind $0.05
37edb56c: posts big blind $0.1
*** HOLE CARDS ***
Dealt to bbd64e60 
Dealt to 3f1a4798 
Dealt to 37edb56c 
Dealt to e39fb85e 
Dealt to 641fbc42 
Dealt to Hero [Th Jd]
e39fb85e: folds
641fbc42: raises $0.12 to $0.22
Hero: folds
bbd64e60: folds
3f1a4798: folds
37edb56c: folds
Uncalled bet ($0.12) returned to 641fbc42
*** SHOWDOWN ***
641fbc42 collected $0.25 from pot
*** SUMMARY ***
Total pot $0.25 | Rake $0 | Jackpot $0 | Bingo $0 | Fortune $0
Seat 1: bbd64e60 (button) folded before Flop (didn't bet)
Seat 2: 3f1a4798 (small blind) folded before Flop
Seat 3: 37edb56c (big blind) folded before Flop
Seat 4: e39fb85e folded before Flop (didn't bet)
Seat 5: 641fbc42 collected ($0.25)
Seat 6: Hero folded before Flop (didn't bet)


Poker Hand #RC1449798163: Hold'em No Limit  ($0.05/$0.1) - 2023/04/04 09:17:47
Table 'RushAndCash1633423' 6-max Seat #1 is the button
Seat 1: 44a67136 ($10.5 in chips)
Seat 2: c0abf0b0 ($10.1 in chips)
Seat 3: 3528dfdd ($11.24 in chips)
Seat 4: 739d59a7 ($14.37 in chips)
Seat 5: 94766111 ($19.95 in chips)
Seat 6: Hero ($17.47 in chips)
c0abf0b0: posts small blind $0.05
3528dfdd: posts big blind $0.1
*** HOLE CARDS ***
Dealt to 44a67136 
Dealt to c0abf0b0 
Dealt to 3528dfdd 
Dealt to 739d59a7 
Dealt to 94766111 
Dealt to Hero [4d 8h]
739d59a7: folds
94766111: folds
Hero: folds
44a67136: raises $0.15 to $0.25
c0abf0b0: folds
3528dfdd: raises $0.38 to $0.63
44a67136: calls $0.38
*** FLOP *** [7h 3h 5d]
3528dfdd: bets $0.7
44a67136: folds
Uncalled bet ($0.7) returned to 3528dfdd
3528dfdd: shows [Ah]
*** SHOWDOWN ***
3528dfdd collected $1.25 from pot
*** SUMMARY ***
Total pot $1.31 | Rake $0.06 | Jackpot $0 | Bingo $0 | Fortune $0
Board [7h 3h 5d]
Seat 1: 44a67136 (button) folded on the Flop
Seat 2: c0abf0b0 (small blind) folded before Flop
Seat 3: 3528dfdd (big blind) showed [Kh Ah] and won ($1.25) with Ace-High
Seat 4: 739d59a7 folded before Flop (didn't bet)
Seat 5: 94766111 folded before Flop (didn't bet)
Seat 6: Hero folded before Flop (didn't bet)


Poker Hand #RC1449797946: Hold'em No Limit  ($0.05/$0.1) - 2023/04/04 09:17:07
Table 'RushAndCash1633206' 6-max Seat #1 is the button
Seat 1: Hero ($17.15 in chips)
Seat 2: 3528dfdd ($11.49 in chips)
Seat 3: 4ce36648 ($27.41 in chips)
Seat 4: f544fbb7 ($9.75 in chips)
Seat 5: b1e4d625 ($7.35 in chips)
Seat 6: 7e5f81d6 ($31.43 in chips)
3528dfdd: posts small blind $0.05
4ce36648: posts big blind $0.1
*** HOLE CARDS ***
Dealt to Hero [7d 7c]
Dealt to 3528dfdd 
Dealt to 4ce36648 
Dealt to f544fbb7 
Dealt to b1e4d625 
Dealt to 7e5f81d6 
f544fbb7: folds
b1e4d625: folds
7e5f81d6: folds
Hero: raises $0.15 to $0.25
3528dfdd: calls $0.2
4ce36648: folds
*** FLOP *** [Ks Ac 4c]
3528dfdd: checks
Hero: checks
*** TURN *** [Ks Ac 4c] [3c]
3528dfdd: checks
Hero: checks
*** RIVER *** [Ks Ac 4c 3c] [4h]
3528dfdd: checks
Hero: checks
3528dfdd: shows [Qd Jd] (Pair of Fours)
Hero: shows [7d 7c] (Pair of Sevens and Pair of Fours)
*** SHOWDOWN ***
Hero collected $0.57 from pot
*** SUMMARY ***
Total pot $0.6 | Rake $0.03 | Jackpot $0 | Bingo $0 | Fortune $0
Board [Ks Ac 4c 3c 4h]
Seat 1: Hero (button) showed [7d 7c] and won ($0.57) with Pair of Sevens and Pair of Fours
Seat 2: 3528dfdd (small blind) showed [Qd Jd] and lost with Pair of Fours
Seat 3: 4ce36648 (big blind) folded before Flop
Seat 4: f544fbb7 folded before Flop (didn't bet)
Seat 5: b1e4d625 folded before Flop (didn't bet)
Seat 6: 7e5f81d6 folded before Flop (didn't bet)


Poker Hand #RC1449797867: Hold'em No Limit  ($0.05/$0.1) - 2023/04/04 09:16:52
Table 'RushAndCash1633127' 6-max Seat #1 is the button
Seat 1: ddbe69ab ($10.18 in chips)
Seat 2: Hero ($17.2 in chips)
Seat 3: 4695ea8d ($6.09 in chips)
Seat 4: a09a885f ($10.11 in chips)
Seat 5: 73df0531 ($10.8 in chips)
Seat 6: 2108de05 ($11.45 in chips)
Hero: posts small blind $0.05
4695ea8d: posts big blind $0.1
*** HOLE CARDS ***
Dealt to ddbe69ab 
Dealt to Hero [Th 8h]
Dealt to 4695ea8d 
Dealt to a09a885f 
Dealt to 73df0531 
Dealt to 2108de05 
a09a885f: folds
73df0531: raises $0.15 to $0.25
2108de05: calls $0.25
ddbe69ab: folds
Hero: folds
4695ea8d: raises $0.6 to $0.85
73df0531: calls $0.6
2108de05: calls $0.6
*** FLOP *** [3s 9c 4s]
4695ea8d: bets $1.3
73df0531: folds
2108de05: raises $1.3 to $2.6
4695ea8d: raises $2.64 to $5.24 and is all-in
2108de05: folds
Uncalled bet ($2.64) returned to 4695ea8d
4695ea8d: shows [Ks Qc] (King-High)
*** SHOWDOWN ***
4695ea8d collected $7.35 from pot
*** SUMMARY ***
Total pot $7.8 | Rake $0.3 | Jackpot $0.15 | Bingo $0 | Fortune $0
Board [3s 9c 4s]
Seat 1: ddbe69ab (button) folded before Flop (didn't bet)
Seat 2: Hero (small blind) folded before Flop
Seat 3: 4695ea8d (big blind) showed [Ks Qc] and won ($7.35) with King-High
Seat 4: a09a885f folded before Flop (didn't bet)
Seat 5: 73df0531 folded on the Flop
Seat 6: 2108de05 folded on the Flop


Poker Hand #RC1449797772: Hold'em No Limit  ($0.05/$0.1) - 2023/04/04 09:16:34
Table 'RushAndCash1633032' 6-max Seat #1 is the button
Seat 1: 4b99a360 ($14.69 in chips)
Seat 2: 3993d9e5 ($10 in chips)
Seat 3: Hero ($17.3 in chips)
Seat 4: 46452bd4 ($8.52 in chips)
Seat 5: d821be77 ($12.2 in chips)
Seat 6: 83e5cdd3 ($20.42 in chips)
3993d9e5: posts small blind $0.05
Hero: posts big blind $0.1
*** HOLE CARDS ***
Dealt to 4b99a360 
Dealt to 3993d9e5 
Dealt to Hero [Qs Tc]
Dealt to 46452bd4 
Dealt to d821be77 
Dealt to 83e5cdd3 
46452bd4: raises $0.2 to $0.3
d821be77: raises $0.5 to $0.8
83e5cdd3: folds
4b99a360: folds
3993d9e5: folds
Hero: folds
46452bd4: calls $0.5
*** FLOP *** [Kd Ah 9h]
46452bd4: checks
d821be77: bets $0.6
46452bd4: folds
Uncalled bet ($0.6) returned to d821be77
*** SHOWDOWN ***
d821be77 collected $1.67 from pot
*** SUMMARY ***
Total pot $1.75 | Rake $0.08 | Jackpot $0 | Bingo $0 | Fortune $0
Board [Kd Ah 9h]
Seat 1: 4b99a360 (button) folded before Flop (didn't bet)
Seat 2: 3993d9e5 (small blind) folded before Flop
Seat 3: Hero (big blind) folded before Flop
Seat 4: 46452bd4 folded on the Flop
Seat 5: d821be77 won ($1.67)
Seat 6: 83e5cdd3 folded before Flop (didn't bet)


Poker Hand #RC1449797697: Hold'em No Limit  ($0.05/$0.1) - 2023/04/04 09:16:22
Table 'RushAndCash1632957' 6-max Seat #1 is the button
Seat 1: 1875fa8b ($10.08 in chips)
Seat 2: bc94ebde ($11.24 in chips)
Seat 3: d374a8be ($15.14 in chips)
Seat 4: Hero ($17.15 in chips)
Seat 5: 5c7f2a40 ($11.46 in chips)
Seat 6: 478741e3 ($10.34 in chips)
bc94ebde: posts small blind $0.05
d374a8be: posts big blind $0.1
*** HOLE CARDS ***
Dealt to 1875fa8b 
Dealt to bc94ebde 
Dealt to d374a8be 
Dealt to Hero [As Qs]
Dealt to 5c7f2a40 
Dealt to 478741e3 
Hero: raises $0.15 to $0.25
5c7f2a40: folds
478741e3: folds
1875fa8b: folds
bc94ebde: folds
d374a8be: folds
Uncalled bet ($0.15) returned to Hero
*** SHOWDOWN ***
Hero collected $0.25 from pot
*** SUMMARY ***
Total pot $0.25 | Rake $0 | Jackpot $0 | Bingo $0 | Fortune $0
Seat 1: 1875fa8b (button) folded before Flop (didn't bet)
Seat 2: bc94ebde (small blind) folded before Flop
Seat 3: d374a8be (big blind) folded before Flop
Seat 4: Hero collected ($0.25)
Seat 5: 5c7f2a40 folded before Flop (didn't bet)
Seat 6: 478741e3 folded before Flop (didn't bet)


Poker Hand #RC1449797632: Hold'em No Limit  ($0.05/$0.1) - 2023/04/04 09:16:12
Table 'RushAndCash1632892' 6-max Seat #1 is the button
Seat 1: e0e4ccce ($19.66 in chips)
Seat 2: 364bb39e ($11.89 in chips)
Seat 3: d0941015 ($13.71 in chips)
Seat 4: 28ed879f ($10.01 in chips)
Seat 5: Hero ($17.15 in chips)
Seat 6: f544fbb7 ($10 in chips)
364bb39e: posts small blind $0.05
d0941015: posts big blind $0.1
*** HOLE CARDS ***
Dealt to e0e4ccce 
Dealt to 364bb39e 
Dealt to d0941015 
Dealt to 28ed879f 
Dealt to Hero [2d 8h]
Dealt to f544fbb7 
28ed879f: folds
Hero: folds
f544fbb7: raises $0.15 to $0.25
e0e4ccce: folds
364bb39e: folds
d0941015: calls $0.15
*** FLOP *** [3s 9s Kc]
d0941015: checks
f544fbb7: checks
*** TURN *** [3s 9s Kc] [9c]
d0941015: bets $0.42
f544fbb7: folds
Uncalled bet ($0.42) returned to d0941015
*** SHOWDOWN ***
d0941015 collected $0.53 from pot
*** SUMMARY ***
Total pot $0.55 | Rake $0.02 | Jackpot $0 | Bingo $0 | Fortune $0
Board [3s 9s Kc 9c]
Seat 1: e0e4ccce (button) folded before Flop (didn't bet)
Seat 2: 364bb39e (small blind) folded before Flop
Seat 3: d0941015 (big blind) won ($0.53)
Seat 4: 28ed879f folded before Flop (didn't bet)
Seat 5: Hero folded before Flop (didn't bet)
Seat 6: f544fbb7 folded on the Turn


Poker Hand #RC1449797564: Hold'em No Limit  ($0.05/$0.1) - 2023/04/04 09:16:00
Table 'RushAndCash1632824' 6-max Seat #1 is the button
Seat 1: 6b4402d1 ($29.03 in chips)
Seat 2: 1abf89d8 ($20.63 in chips)
Seat 3: df9cbb37 ($13.65 in chips)
Seat 4: ccf106b3 ($29.78 in chips)
Seat 5: a09a885f ($10 in chips)
Seat 6: Hero ($17.15 in chips)
1abf89d8: posts small blind $0.05
df9cbb37: posts big blind $0.1
*** HOLE CARDS ***
Dealt to 6b4402d1 
Dealt to 1abf89d8 
Dealt to df9cbb37 
Dealt to ccf106b3 
Dealt to a09a885f 
Dealt to Hero [7s 3d]
ccf106b3: folds
a09a885f: folds
Hero: folds
6b4402d1: folds
1abf89d8: folds
Uncalled bet ($0.05) returned to df9cbb37
*** SHOWDOWN ***
df9cbb37 collected $0.1 from pot
*** SUMMARY ***
Total pot $0.1 | Rake $0 | Jackpot $0 | Bingo $0 | Fortune $0
Seat 1: 6b4402d1 (button) folded before Flop (didn't bet)
Seat 2: 1abf89d8 (small blind) folded before Flop
Seat 3: df9cbb37 (big blind) collected ($0.1)
Seat 4: ccf106b3 folded before Flop (didn't bet)
Seat 5: a09a885f folded before Flop (didn't bet)
Seat 6: Hero folded before Flop (didn't bet)


Poker Hand #RC1449797536: Hold'em No Limit  ($0.05/$0.1) - 2023/04/04 09:15:56
Table 'RushAndCash1632796' 6-max Seat #1 is the button
Seat 1: 73ce4c16 ($19.84 in chips)
Seat 2: 5dbd4077 ($26.37 in chips)
Seat 3: 604b505d ($10.69 in chips)
Seat 4: b827bfec ($2.42 in chips)
Seat 5: 3003a59d ($10.5 in chips)
Seat 6: Hero ($17.15 in chips)
5dbd4077: posts small blind $0.05
604b505d: posts big blind $0.1
*** HOLE CARDS ***
Dealt to 73ce4c16 
Dealt to 5dbd4077 
Dealt to 604b505d 
Dealt to b827bfec 
Dealt to 3003a59d 
Dealt to Hero [4h 9c]
b827bfec: folds
3003a59d: folds
Hero: folds
73ce4c16: folds
5dbd4077: folds
Uncalled bet ($0.05) returned to 604b505d
*** SHOWDOWN ***
604b505d collected $0.1 from pot
*** SUMMARY ***
Total pot $0.1 | Rake $0 | Jackpot $0 | Bingo $0 | Fortune $0
Seat 1: 73ce4c16 (button) folded before Flop (didn't bet)
Seat 2: 5dbd4077 (small blind) folded before Flop
Seat 3: 604b505d (big blind) collected ($0.1)
Seat 4: b827bfec folded before Flop (didn't bet)
Seat 5: 3003a59d folded before Flop (didn't bet)
Seat 6: Hero folded before Flop (didn't bet)


Poker Hand #RC1449797505: Hold'em No Limit  ($0.05/$0.1) - 2023/04/04 09:15:51
Table 'RushAndCash1632765' 6-max Seat #1 is the button
Seat 1: Hero ($17.15 in chips)
Seat 2: d4196ca7 ($7.74 in chips)
Seat 3: dd6ea8f2 ($14.06 in chips)
Seat 4: 8f69b29f ($20.02 in chips)
Seat 5: 1abf89d8 ($20.63 in chips)
Seat 6: 967d9a3c ($26.74 in chips)
d4196ca7: posts small blind $0.05
dd6ea8f2: posts big blind $0.1
*** HOLE CARDS ***
Dealt to Hero [2s Qc]
Dealt to d4196ca7 
Dealt to dd6ea8f2 
Dealt to 8f69b29f 
Dealt to 1abf89d8 
Dealt to 967d9a3c 
8f69b29f: folds
1abf89d8: folds
967d9a3c: folds
Hero: folds
d4196ca7: folds
Uncalled bet ($0.05) returned to dd6ea8f2
*** SHOWDOWN ***
dd6ea8f2 collected $0.1 from pot
*** SUMMARY ***
Total pot $0.1 | Rake $0 | Jackpot $0 | Bingo $0 | Fortune $0
Seat 1: Hero (button) folded before Flop (didn't bet)
Seat 2: d4196ca7 (small blind) folded before Flop
Seat 3: dd6ea8f2 (big blind) collected ($0.1)
Seat 4: 8f69b29f folded before Flop (didn't bet)
Seat 5: 1abf89d8 folded before Flop (didn't bet)
Seat 6: 967d9a3c folded before Flop (didn't bet)


Poker Hand #RC1449796416: Hold'em No Limit  ($0.05/$0.1) - 2023/04/04 09:12:54
Table 'RushAndCash1631676' 6-max Seat #1 is the button
Seat 1: 51441ad9 ($8.14 in chips)
Seat 2: 362fdf5b ($10.3 in chips)
Seat 3: Hero ($9.41 in chips)
Seat 4: c94ea92a ($10.77 in chips)
Seat 5: d8a26a9f ($10 in chips)
Seat 6: 41e967b3 ($8.28 in chips)
362fdf5b: posts small blind $0.05
Hero: posts big blind $0.1
*** HOLE CARDS ***
Dealt to 51441ad9 
Dealt to 362fdf5b 
Dealt to Hero [Ts Qd]
Dealt to c94ea92a 
Dealt to d8a26a9f 
Dealt to 41e967b3 
c94ea92a: folds
d8a26a9f: folds
41e967b3: folds
51441ad9: raises $0.15 to $0.25
362fdf5b: folds
Hero: calls $0.15
*** FLOP *** [Qc Qh Kd]
Hero: checks
51441ad9: bets $0.55
Hero: calls $0.55
*** TURN *** [Qc Qh Kd] [5c]
Hero: checks
51441ad9: bets $0.83
Hero: calls $0.83
*** RIVER *** [Qc Qh Kd 5c] [6s]
Hero: checks
51441ad9: bets $6.51 and is all-in
Hero: calls $6.51
51441ad9: shows [3s 3h] (Pair of Queens and Pair of Treys)
Hero: shows [Ts Qd] (Three Queens)
*** SHOWDOWN ***
Hero collected $15.88 from pot
*** SUMMARY ***
Total pot $16.33 | Rake $0.3 | Jackpot $0.15 | Bingo $0 | Fortune $0
Board [Qc Qh Kd 5c 6s]
Seat 1: 51441ad9 (button) showed [3s 3h] and lost with Pair of Queens and Pair of Treys
Seat 2: 362fdf5b (small blind) folded before Flop
Seat 3: Hero (big blind) showed [Ts Qd] and won ($15.88) with Three Queens
Seat 4: c94ea92a folded before Flop (didn't bet)
Seat 5: d8a26a9f folded before Flop (didn't bet)
Seat 6: 41e967b3 folded before Flop (didn't bet)


Poker Hand #RC1449796384: Hold'em No Limit  ($0.05/$0.1) - 2023/04/04 09:12:49
Table 'RushAndCash1631644' 6-max Seat #1 is the button
Seat 1: 1a88f0ac ($8.86 in chips)
Seat 2: Hero ($9.46 in chips)
Seat 3: 8216f09 ($12.97 in chips)
Seat 4: b6039720 ($14.28 in chips)
Seat 5: c94ea92a ($10.77 in chips)
Seat 6: 2bb992a8 ($11.63 in chips)
Hero: posts small blind $0.05
8216f09: posts big blind $0.1
*** HOLE CARDS ***
Dealt to 1a88f0ac 
Dealt to Hero [4d 8s]
Dealt to 8216f09 
Dealt to b6039720 
Dealt to c94ea92a 
Dealt to 2bb992a8 
b6039720: folds
c94ea92a: folds
2bb992a8: folds
1a88f0ac: folds
Hero: folds
Uncalled bet ($0.05) returned to 8216f09
*** SHOWDOWN ***
8216f09 collected $0.1 from pot
*** SUMMARY ***
Total pot $0.1 | Rake $0 | Jackpot $0 | Bingo $0 | Fortune $0
Seat 1: 1a88f0ac (button) folded before Flop (didn't bet)
Seat 2: Hero (small blind) folded before Flop
Seat 3: 8216f09 (big blind) collected ($0.1)
Seat 4: b6039720 folded before Flop (didn't bet)
Seat 5: c94ea92a folded before Flop (didn't bet)
Seat 6: 2bb992a8 folded before Flop (didn't bet)


Poker Hand #RC1449796332: Hold'em No Limit  ($0.05/$0.1) - 2023/04/04 09:12:40
Table 'RushAndCash1631592' 6-max Seat #1 is the button
Seat 1: dc4b7ae8 ($3.47 in chips)
Seat 2: 317c33c2 ($10.32 in chips)
Seat 3: ff034610 ($17.43 in chips)
Seat 4: 46452bd4 ($9.55 in chips)
Seat 5: Hero ($9.46 in chips)
Seat 6: df7b031a ($11.88 in chips)
317c33c2: posts small blind $0.05
ff034610: posts big blind $0.1
*** HOLE CARDS ***
Dealt to dc4b7ae8 
Dealt to 317c33c2 
Dealt to ff034610 
Dealt to 46452bd4 
Dealt to Hero [8d 6d]
Dealt to df7b031a 
46452bd4: folds
Hero: folds
df7b031a: folds
dc4b7ae8: folds
317c33c2: folds
Uncalled bet ($0.05) returned to ff034610
*** SHOWDOWN ***
ff034610 collected $0.1 from pot
*** SUMMARY ***
Total pot $0.1 | Rake $0 | Jackpot $0 | Bingo $0 | Fortune $0
Seat 1: dc4b7ae8 (button) folded before Flop (didn't bet)
Seat 2: 317c33c2 (small blind) folded before Flop
Seat 3: ff034610 (big blind) collected ($0.1)
Seat 4: 46452bd4 folded before Flop (didn't bet)
Seat 5: Hero folded before Flop (didn't bet)
Seat 6: df7b031a folded before Flop (didn't bet)


Poker Hand #RC1449796277: Hold'em No Limit  ($0.05/$0.1) - 2023/04/04 09:12:30
Table 'RushAndCash1631537' 6-max Seat #1 is the button
Seat 1: fc87927e ($13.53 in chips)
Seat 2: 784b9b86 ($19.88 in chips)
Seat 3: 65b9bab0 ($9.88 in chips)
Seat 4: 578fd832 ($10 in chips)
Seat 5: 1875fa8b ($10.15 in chips)
Seat 6: Hero ($9.46 in chips)
784b9b86: posts small blind $0.05
65b9bab0: posts big blind $0.1
*** HOLE CARDS ***
Dealt to fc87927e 
Dealt to 784b9b86 
Dealt to 65b9bab0 
Dealt to 578fd832 
Dealt to 1875fa8b 
Dealt to Hero [Ac 4s]
578fd832: raises $0.15 to $0.25
1875fa8b: folds
Hero: folds
fc87927e: folds
784b9b86: folds
65b9bab0: raises $0.75 to $1
578fd832: calls $0.75
*** FLOP *** [4d 6h 7d]
65b9bab0: bets $1.03
578fd832: folds
Uncalled bet ($1.03) returned to 65b9bab0
*** SHOWDOWN ***
65b9bab0 collected $1.95 from pot
*** SUMMARY ***
Total pot $2.05 | Rake $0.1 | Jackpot $0 | Bingo $0 | Fortune $0
Board [4d 6h 7d]
Seat 1: fc87927e (button) folded before Flop (didn't bet)
Seat 2: 784b9b86 (small blind) folded before Flop
Seat 3: 65b9bab0 (big blind) won ($1.95)
Seat 4: 578fd832 folded on the Flop
Seat 5: 1875fa8b folded before Flop (didn't bet)
Seat 6: Hero folded before Flop (didn't bet)


Poker Hand #RC1449796186: Hold'em No Limit  ($0.05/$0.1) - 2023/04/04 09:12:15
Table 'RushAndCash1631446' 6-max Seat #1 is the button
Seat 1: 4128efcd ($10.22 in chips)
Seat 2: Hero ($9.51 in chips)
Seat 3: b1507bb9 ($10.54 in chips)
Seat 4: afc136cc ($10.36 in chips)
Seat 5: 40b689a9 ($10 in chips)
Seat 6: ababf253 ($10.1 in chips)
Hero: posts small blind $0.05
b1507bb9: posts big blind $0.1
*** HOLE CARDS ***
Dealt to 4128efcd 
Dealt to Hero [Tc Ks]
Dealt to b1507bb9 
Dealt to afc136cc 
Dealt to 40b689a9 
Dealt to ababf253 
afc136cc: raises $0.1 to $0.2
40b689a9: folds
ababf253: folds
4128efcd: folds
Hero: folds
b1507bb9: folds
Uncalled bet ($0.1) returned to afc136cc
*** SHOWDOWN ***
afc136cc collected $0.25 from pot
*** SUMMARY ***
Total pot $0.25 | Rake $0 | Jackpot $0 | Bingo $0 | Fortune $0
Seat 1: 4128efcd (button) folded before Flop (didn't bet)
Seat 2: Hero (small blind) folded before Flop
Seat 3: b1507bb9 (big blind) folded before Flop
Seat 4: afc136cc collected ($0.25)
Seat 5: 40b689a9 folded before Flop (didn't bet)
Seat 6: ababf253 folded before Flop (didn't bet)


Poker Hand #RC1449796101: Hold'em No Limit  ($0.05/$0.1) - 2023/04/04 09:12:01
Table 'RushAndCash1631361' 6-max Seat #1 is the button
Seat 1: 1875fa8b ($10 in chips)
Seat 2: 7bcf4fe8 ($10 in chips)
Seat 3: df7b031a ($12.13 in chips)
Seat 4: c01f5d2c ($10.89 in chips)
Seat 5: 36ac0bb3 ($10.15 in chips)
Seat 6: Hero ($9.51 in chips)
7bcf4fe8: posts small blind $0.05
df7b031a: posts big blind $0.1
*** HOLE CARDS ***
Dealt to 1875fa8b 
Dealt to 7bcf4fe8 
Dealt to df7b031a 
Dealt to c01f5d2c 
Dealt to 36ac0bb3 
Dealt to Hero [3s Th]
c01f5d2c: folds
36ac0bb3: folds
Hero: folds
1875fa8b: raises $0.15 to $0.25
7bcf4fe8: folds
df7b031a: folds
Uncalled bet ($0.15) returned to 1875fa8b
*** SHOWDOWN ***
1875fa8b collected $0.25 from pot
*** SUMMARY ***
Total pot $0.25 | Rake $0 | Jackpot $0 | Bingo $0 | Fortune $0
Seat 1: 1875fa8b (button) collected ($0.25)
Seat 2: 7bcf4fe8 (small blind) folded before Flop
Seat 3: df7b031a (big blind) folded before Flop
Seat 4: c01f5d2c folded before Flop (didn't bet)
Seat 5: 36ac0bb3 folded before Flop (didn't bet)
Seat 6: Hero folded before Flop (didn't bet)


Poker Hand #RC1449796048: Hold'em No Limit  ($0.05/$0.1) - 2023/04/04 09:11:52
Table 'RushAndCash1631308' 6-max Seat #1 is the button
Seat 1: 95b40b26 ($7.2 in chips)
Seat 2: da036ceb ($11.69 in chips)
Seat 3: Hero ($9.46 in chips)
Seat 4: 604b505d ($11.42 in chips)
Seat 5: c5b7f384 ($13.81 in chips)
Seat 6: 79ed9d74 ($9.59 in chips)
da036ceb: posts small blind $0.05
Hero: posts big blind $0.1
*** HOLE CARDS ***
Dealt to 95b40b26 
Dealt to da036ceb 
Dealt to Hero [5s Td]
Dealt to 604b505d 
Dealt to c5b7f384 
Dealt to 79ed9d74 
604b505d: folds
c5b7f384: folds
79ed9d74: folds
95b40b26: folds
da036ceb: folds
Uncalled bet ($0.05) returned to Hero
*** SHOWDOWN ***
Hero collected $0.1 from pot
*** SUMMARY ***
Total pot $0.1 | Rake $0 | Jackpot $0 | Bingo $0 | Fortune $0
Seat 1: 95b40b26 (button) folded before Flop (didn't bet)
Seat 2: da036ceb (small blind) folded before Flop
Seat 3: Hero (big blind) collected ($0.1)
Seat 4: 604b505d folded before Flop (didn't bet)
Seat 5: c5b7f384 folded before Flop (didn't bet)
Seat 6: 79ed9d74 folded before Flop (didn't bet)


Poker Hand #RC1449796018: Hold'em No Limit  ($0.05/$0.1) - 2023/04/04 09:11:47
Table 'RushAndCash1631278' 6-max Seat #1 is the button
Seat 1: Hero ($9.46 in chips)
Seat 2: 213f74c ($10 in chips)
Seat 3: f86e8209 ($25.04 in chips)
Seat 4: c6574b2f ($10 in chips)
Seat 5: 4ce36648 ($28.98 in chips)
Seat 6: 1abf89d8 ($17.83 in chips)
213f74c: posts small blind $0.05
f86e8209: posts big blind $0.1
*** HOLE CARDS ***
Dealt to Hero [7s Jc]
Dealt to 213f74c 
Dealt to f86e8209 
Dealt to c6574b2f 
Dealt to 4ce36648 
Dealt to 1abf89d8 
c6574b2f: folds
4ce36648: raises $0.15 to $0.25
1abf89d8: calls $0.25
Hero: folds
213f74c: folds
f86e8209: folds
*** FLOP *** [2s As 2c]
4ce36648: bets $0.22
1abf89d8: calls $0.22
*** TURN *** [2s As 2c] [Kc]
4ce36648: bets $0.82
1abf89d8: calls $0.82
*** RIVER *** [2s As 2c Kc] [Kd]
4ce36648: checks
1abf89d8: checks
4ce36648: shows [Tc Qc] (Pair of Kings and Pair of Twos)
1abf89d8: shows [Ad 9d] (Pair of Aces and Pair of Kings)
*** SHOWDOWN ***
1abf89d8 collected $2.6 from pot
*** SUMMARY ***
Total pot $2.73 | Rake $0.13 | Jackpot $0 | Bingo $0 | Fortune $0
Board [2s As 2c Kc Kd]
Seat 1: Hero (button) folded before Flop (didn't bet)
Seat 2: 213f74c (small blind) folded before Flop
Seat 3: f86e8209 (big blind) folded before Flop
Seat 4: c6574b2f folded before Flop (didn't bet)
Seat 5: 4ce36648 showed [Tc Qc] and lost with Pair of Kings and Pair of Twos
Seat 6: 1abf89d8 showed [Ad 9d] and won ($2.6) with Pair of Aces and Pair of Kings


Poker Hand #RC1449795920: Hold'em No Limit  ($0.05/$0.1) - 2023/04/04 09:11:30
Table 'RushAndCash1631180' 6-max Seat #1 is the button
Seat 1: f4869180 ($13.94 in chips)
Seat 2: 46a293f9 ($8.08 in chips)
Seat 3: 5f603215 ($23.81 in chips)
Seat 4: 6c29c6c8 ($19.48 in chips)
Seat 5: Hero ($9.46 in chips)
Seat 6: 15d34e3f ($11.31 in chips)
46a293f9: posts small blind $0.05
5f603215: posts big blind $0.1
*** HOLE CARDS ***
Dealt to f4869180 
Dealt to 46a293f9 
Dealt to 5f603215 
Dealt to 6c29c6c8 
Dealt to Hero [2s 4h]
Dealt to 15d34e3f 
6c29c6c8: folds
Hero: folds
15d34e3f: folds
f4869180: folds
46a293f9: raises $0.1 to $0.2
5f603215: folds
Uncalled bet ($0.1) returned to 46a293f9
*** SHOWDOWN ***
46a293f9 collected $0.2 from pot
*** SUMMARY ***
Total pot $0.2 | Rake $0 | Jackpot $0 | Bingo $0 | Fortune $0
Seat 1: f4869180 (button) folded before Flop (didn't bet)
Seat 2: 46a293f9 (small blind) collected ($0.2)
Seat 3: 5f603215 (big blind) folded before Flop
Seat 4: 6c29c6c8 folded before Flop (didn't bet)
Seat 5: Hero folded before Flop (didn't bet)
Seat 6: 15d34e3f folded before Flop (didn't bet)


Poker Hand #RC1449795869: Hold'em No Limit  ($0.05/$0.1) - 2023/04/04 09:11:21
Table 'RushAndCash1631129' 6-max Seat #1 is the button
Seat 1: 9b8722db ($13.26 in chips)
Seat 2: 1e5699af ($10.4 in chips)
Seat 3: 598b88bb ($15.53 in chips)
Seat 4: 31110ef3 ($10.53 in chips)
Seat 5: Hero ($9.46 in chips)
Seat 6: 75ce1c9 ($12.27 in chips)
1e5699af: posts small blind $0.05
598b88bb: posts big blind $0.1
*** HOLE CARDS ***
Dealt to 9b8722db 
Dealt to 1e5699af 
Dealt to 598b88bb 
Dealt to 31110ef3 
Dealt to Hero [Td 9c]
Dealt to 75ce1c9 
31110ef3: folds
Hero: folds
75ce1c9: folds
9b8722db: folds
1e5699af: folds
Uncalled bet ($0.05) returned to 598b88bb
*** SHOWDOWN ***
598b88bb collected $0.1 from pot
*** SUMMARY ***
Total pot $0.1 | Rake $0 | Jackpot $0 | Bingo $0 | Fortune $0
Seat 1: 9b8722db (button) folded before Flop (didn't bet)
Seat 2: 1e5699af (small blind) folded before Flop
Seat 3: 598b88bb (big blind) collected ($0.1)
Seat 4: 31110ef3 folded before Flop (didn't bet)
Seat 5: Hero folded before Flop (didn't bet)
Seat 6: 75ce1c9 folded before Flop (didn't bet)


Poker Hand #RC1449795720: Hold'em No Limit  ($0.05/$0.1) - 2023/04/04 09:10:53
Table 'RushAndCash1630980' 6-max Seat #1 is the button
Seat 1: Hero ($9.46 in chips)
Seat 2: b092118e ($7.02 in chips)
Seat 3: 5dbd4077 ($24.52 in chips)
Seat 4: a84b4af8 ($10.47 in chips)
Seat 5: 1ce4b672 ($40.78 in chips)
Seat 6: 3d7ac992 ($14.58 in chips)
b092118e: posts small blind $0.05
5dbd4077: posts big blind $0.1
*** HOLE CARDS ***
Dealt to Hero [6s 6c]
Dealt to b092118e 
Dealt to 5dbd4077 
Dealt to a84b4af8 
Dealt to 1ce4b672 
Dealt to 3d7ac992 
a84b4af8: raises $0.1 to $0.2
1ce4b672: folds
3d7ac992: raises $0.42 to $0.62
Hero: folds
b092118e: folds
5dbd4077: folds
a84b4af8: calls $0.42
*** FLOP *** [Qd 3s Ks]
a84b4af8: checks
3d7ac992: bets $0.42
a84b4af8: raises $1.68 to $2.1
3d7ac992: raises $11.86 to $13.96 and is all-in
a84b4af8: calls $7.75 and is all-in
Uncalled bet ($4.11) returned to 3d7ac992
3d7ac992: shows [As Ac] (Pair of Aces)
a84b4af8: shows [Qh Kd] (Pair of Kings and Pair of Queens)
*** TURN *** [Qd 3s Ks] [Qc]
a84b4af8: Chooses to EV Cashout 
*** RIVER *** [Qd 3s Ks Qc] [5h]
a84b4af8: Pays Cashout Risk ($1.14)
*** SHOWDOWN ***
a84b4af8 collected $20.64 from pot
*** SUMMARY ***
Total pot $21.09 | Rake $0.3 | Jackpot $0.15 | Bingo $0 | Fortune $0
Board [Qd 3s Ks Qc 5h]
Seat 1: Hero (button) folded before Flop (didn't bet)
Seat 2: b092118e (small blind) folded before Flop
Seat 3: 5dbd4077 (big blind) folded before Flop
Seat 4: a84b4af8 showed [Qh Kd] and won ($20.64) with Queens Full over Kings, Cashout Risk ($1.14)
Seat 5: 1ce4b672 folded before Flop (didn't bet)
Seat 6: 3d7ac992 showed [As Ac] and lost with Pair of Aces and Pair of Queens


Poker Hand #RC1449795668: Hold'em No Limit  ($0.05/$0.1) - 2023/04/04 09:10:44
Table 'RushAndCash1630928' 6-max Seat #1 is the button
Seat 1: 8feb7b2 ($10 in chips)
Seat 2: Hero ($9.51 in chips)
Seat 3: 4fc41e8b ($15.74 in chips)
Seat 4: bcaac35e ($11.76 in chips)
Seat 5: cc01bfaf ($11.54 in chips)
Seat 6: e7ed6412 ($13.64 in chips)
Hero: posts small blind $0.05
4fc41e8b: posts big blind $0.1
*** HOLE CARDS ***
Dealt to 8feb7b2 
Dealt to Hero [Th 5c]
Dealt to 4fc41e8b 
Dealt to bcaac35e 
Dealt to cc01bfaf 
Dealt to e7ed6412 
bcaac35e: folds
cc01bfaf: raises $0.15 to $0.25
e7ed6412: folds
8feb7b2: folds
Hero: folds
4fc41e8b: folds
Uncalled bet ($0.15) returned to cc01bfaf
*** SHOWDOWN ***
cc01bfaf collected $0.25 from pot
*** SUMMARY ***
Total pot $0.25 | Rake $0 | Jackpot $0 | Bingo $0 | Fortune $0
Seat 1: 8feb7b2 (button) folded before Flop (didn't bet)
Seat 2: Hero (small blind) folded before Flop
Seat 3: 4fc41e8b (big blind) folded before Flop
Seat 4: bcaac35e folded before Flop (didn't bet)
Seat 5: cc01bfaf collected ($0.25)
Seat 6: e7ed6412 folded before Flop (didn't bet)


Poker Hand #RC1449795585: Hold'em No Limit  ($0.05/$0.1) - 2023/04/04 09:10:29
Table 'RushAndCash1630845' 6-max Seat #1 is the button
Seat 1: b63dbfa0 ($10 in chips)
Seat 2: b53abf26 ($13.9 in chips)
Seat 3: Hero ($9.61 in chips)
Seat 4: 59726053 ($5.21 in chips)
Seat 5: 31756236 ($11.02 in chips)
Seat 6: dd6ea8f2 ($10.69 in chips)
b53abf26: posts small blind $0.05
Hero: posts big blind $0.1
*** HOLE CARDS ***
Dealt to b63dbfa0 
Dealt to b53abf26 
Dealt to Hero [Qs 6h]
Dealt to 59726053 
Dealt to 31756236 
Dealt to dd6ea8f2 
59726053: folds
31756236: raises $0.15 to $0.25
dd6ea8f2: folds
b63dbfa0: folds
b53abf26: folds
Hero: folds
Uncalled bet ($0.15) returned to 31756236
*** SHOWDOWN ***
31756236 collected $0.25 from pot
*** SUMMARY ***
Total pot $0.25 | Rake $0 | Jackpot $0 | Bingo $0 | Fortune $0
Seat 1: b63dbfa0 (button) folded before Flop (didn't bet)
Seat 2: b53abf26 (small blind) folded before Flop
Seat 3: Hero (big blind) folded before Flop
Seat 4: 59726053 folded before Flop (didn't bet)
Seat 5: 31756236 collected ($0.25)
Seat 6: dd6ea8f2 folded before Flop (didn't bet)


Poker Hand #RC1449795547: Hold'em No Limit  ($0.05/$0.1) - 2023/04/04 09:10:22
Table 'RushAndCash1630807' 6-max Seat #1 is the button
Seat 1: acc6364a ($10.97 in chips)
Seat 2: b1b7c394 ($10 in chips)
Seat 3: a84b4af8 ($10.42 in chips)
Seat 4: 3d7ac992 ($14.73 in chips)
Seat 5: 6ab11192 ($10 in chips)
Seat 6: Hero ($9.61 in chips)
b1b7c394: posts small blind $0.05
a84b4af8: posts big blind $0.1
*** HOLE CARDS ***
Dealt to acc6364a 
Dealt to b1b7c394 
Dealt to a84b4af8 
Dealt to 3d7ac992 
Dealt to 6ab11192 
Dealt to Hero [Qh 7s]
3d7ac992: folds
6ab11192: folds
Hero: folds
acc6364a: folds
b1b7c394: folds
Uncalled bet ($0.05) returned to a84b4af8
*** SHOWDOWN ***
a84b4af8 collected $0.1 from pot
*** SUMMARY ***
Total pot $0.1 | Rake $0 | Jackpot $0 | Bingo $0 | Fortune $0
Seat 1: acc6364a (button) folded before Flop (didn't bet)
Seat 2: b1b7c394 (small blind) folded before Flop
Seat 3: a84b4af8 (big blind) collected ($0.1)
Seat 4: 3d7ac992 folded before Flop (didn't bet)
Seat 5: 6ab11192 folded before Flop (didn't bet)
Seat 6: Hero folded before Flop (didn't bet)


Poker Hand #RC1449795502: Hold'em No Limit  ($0.05/$0.1) - 2023/04/04 09:10:14
Table 'RushAndCash1630762' 6-max Seat #1 is the button
Seat 1: a90af427 ($13.09 in chips)
Seat 2: fbdd2f13 ($9.9 in chips)
Seat 3: 16579a51 ($10.55 in chips)
Seat 4: 8c4b7aa ($25.77 in chips)
Seat 5: 930aec2f ($10.03 in chips)
Seat 6: Hero ($9.61 in chips)
fbdd2f13: posts small blind $0.05
16579a51: posts big blind $0.1
*** HOLE CARDS ***
Dealt to a90af427 
Dealt to fbdd2f13 
Dealt to 16579a51 
Dealt to 8c4b7aa 
Dealt to 930aec2f 
Dealt to Hero [Kd 5s]
8c4b7aa: folds
930aec2f: folds
Hero: folds
a90af427: folds
fbdd2f13: folds
Uncalled bet ($0.05) returned to 16579a51
*** SHOWDOWN ***
16579a51 collected $0.1 from pot
*** SUMMARY ***
Total pot $0.1 | Rake $0 | Jackpot $0 | Bingo $0 | Fortune $0
Seat 1: a90af427 (button) folded before Flop (didn't bet)
Seat 2: fbdd2f13 (small blind) folded before Flop
Seat 3: 16579a51 (big blind) collected ($0.1)
Seat 4: 8c4b7aa folded before Flop (didn't bet)
Seat 5: 930aec2f folded before Flop (didn't bet)
Seat 6: Hero folded before Flop (didn't bet)


Poker Hand #RC1449795433: Hold'em No Limit  ($0.05/$0.1) - 2023/04/04 09:10:02
Table 'RushAndCash1630693' 6-max Seat #1 is the button
Seat 1: 5b03a77e ($24.62 in chips)
Seat 2: 15d34e3f ($10 in chips)
Seat 3: 62d47ea9 ($10 in chips)
Seat 4: Hero ($9.61 in chips)
Seat 5: 870cdda4 ($10.11 in chips)
Seat 6: df7b031a ($12.38 in chips)
15d34e3f: posts small blind $0.05
62d47ea9: posts big blind $0.1
*** HOLE CARDS ***
Dealt to 5b03a77e 
Dealt to 15d34e3f 
Dealt to 62d47ea9 
Dealt to Hero [3d Js]
Dealt to 870cdda4 
Dealt to df7b031a 
Hero: folds
870cdda4: raises $0.1 to $0.2
df7b031a: folds
5b03a77e: folds
15d34e3f: raises $0.5 to $0.7
62d47ea9: folds
870cdda4: calls $0.5
*** FLOP *** [3h 9s Tc]
15d34e3f: checks
870cdda4: bets $0.75
15d34e3f: calls $0.75
*** TURN *** [3h 9s Tc] [Ac]
15d34e3f: checks
870cdda4: checks
*** RIVER *** [3h 9s Tc Ac] [Ts]
15d34e3f: bets $2.25
870cdda4: folds
Uncalled bet ($2.25) returned to 15d34e3f
*** SHOWDOWN ***
15d34e3f collected $2.71 from pot
*** SUMMARY ***
Total pot $3 | Rake $0.14 | Jackpot $0.15 | Bingo $0 | Fortune $0
Board [3h 9s Tc Ac Ts]
Seat 1: 5b03a77e (button) folded before Flop (didn't bet)
Seat 2: 15d34e3f (small blind) won ($2.71)
Seat 3: 62d47ea9 (big blind) folded before Flop
Seat 4: Hero folded before Flop (didn't bet)
Seat 5: 870cdda4 folded on the River
Seat 6: df7b031a folded before Flop (didn't bet)


Poker Hand #RC1449795404: Hold'em No Limit  ($0.05/$0.1) - 2023/04/04 09:09:57
Table 'RushAndCash1630664' 6-max Seat #1 is the button
Seat 1: f544fbb7 ($10.15 in chips)
Seat 2: a4739828 ($11.91 in chips)
Seat 3: e3715187 ($30.25 in chips)
Seat 4: Hero ($9.61 in chips)
Seat 5: afa55a09 ($11.77 in chips)
Seat 6: 3835df17 ($12.73 in chips)
a4739828: posts small blind $0.05
e3715187: posts big blind $0.1
*** HOLE CARDS ***
Dealt to f544fbb7 
Dealt to a4739828 
Dealt to e3715187 
Dealt to Hero [Ah 8d]
Dealt to afa55a09 
Dealt to 3835df17 
Hero: folds
afa55a09: folds
3835df17: folds
f544fbb7: folds
a4739828: raises $0.15 to $0.25
e3715187: calls $0.15
*** FLOP *** [5d 6s Qd]
a4739828: bets $0.17
e3715187: calls $0.17
*** TURN *** [5d 6s Qd] [7d]
a4739828: bets $0.42
e3715187: calls $0.42
*** RIVER *** [5d 6s Qd 7d] [3d]
a4739828: checks
e3715187: checks
a4739828: shows [Qh 9h] (Pair of Queens)
e3715187: shows [6c 7c] (Pair of Sevens and Pair of Sixes)
*** SHOWDOWN ***
e3715187 collected $1.6 from pot
*** SUMMARY ***
Total pot $1.68 | Rake $0.08 | Jackpot $0 | Bingo $0 | Fortune $0
Board [5d 6s Qd 7d 3d]
Seat 1: f544fbb7 (button) folded before Flop (didn't bet)
Seat 2: a4739828 (small blind) showed [Qh 9h] and lost with Pair of Queens
Seat 3: e3715187 (big blind) showed [6c 7c] and won ($1.6) with Pair of Sevens and Pair of Sixes
Seat 4: Hero folded before Flop (didn't bet)
Seat 5: afa55a09 folded before Flop (didn't bet)
Seat 6: 3835df17 folded before Flop (didn't bet)


Poker Hand #RC1449795150: Hold'em No Limit  ($0.05/$0.1) - 2023/04/04 09:09:16
Table 'RushAndCash1630410' 6-max Seat #1 is the button
Seat 1: Hero ($9.33 in chips)
Seat 2: 3ed82daf ($17.22 in chips)
Seat 3: f544fbb7 ($10.4 in chips)
Seat 4: dbc106dc ($10 in chips)
Seat 5: e35761d4 ($43.21 in chips)
Seat 6: 7188f24f ($21.76 in chips)
3ed82daf: posts small blind $0.05
f544fbb7: posts big blind $0.1
*** HOLE CARDS ***
Dealt to Hero [Qd Qc]
Dealt to 3ed82daf 
Dealt to f544fbb7 
Dealt to dbc106dc 
Dealt to e35761d4 
Dealt to 7188f24f 
dbc106dc: folds
e35761d4: folds
7188f24f: folds
Hero: raises $0.15 to $0.25
3ed82daf: folds
f544fbb7: calls $0.15
*** FLOP *** [Ks 4d 5c]
f544fbb7: checks
Hero: checks
*** TURN *** [Ks 4d 5c] [Jc]
f544fbb7: checks
Hero: bets $0.28
f544fbb7: folds
Uncalled bet ($0.28) returned to Hero
*** SHOWDOWN ***
Hero collected $0.53 from pot
*** SUMMARY ***
Total pot $0.55 | Rake $0.02 | Jackpot $0 | Bingo $0 | Fortune $0
Board [Ks 4d 5c Jc]
Seat 1: Hero (button) won ($0.53)
Seat 2: 3ed82daf (small blind) folded before Flop
Seat 3: f544fbb7 (big blind) folded on the Turn
Seat 4: dbc106dc folded before Flop (didn't bet)
Seat 5: e35761d4 folded before Flop (didn't bet)
Seat 6: 7188f24f folded before Flop (didn't bet)


Poker Hand #RC1449795103: Hold'em No Limit  ($0.05/$0.1) - 2023/04/04 09:09:08
Table 'RushAndCash1630363' 6-max Seat #1 is the button
Seat 1: be4999bc ($10.05 in chips)
Seat 2: Hero ($9.38 in chips)
Seat 3: 8f2bee09 ($46.05 in chips)
Seat 4: 36ac0bb3 ($10 in chips)
Seat 5: ae035cfb ($19.83 in chips)
Seat 6: 45a5937f ($10.27 in chips)
Hero: posts small blind $0.05
8f2bee09: posts big blind $0.1
*** HOLE CARDS ***
Dealt to be4999bc 
Dealt to Hero [6h Qc]
Dealt to 8f2bee09 
Dealt to 36ac0bb3 
Dealt to ae035cfb 
Dealt to 45a5937f 
36ac0bb3: raises $0.12 to $0.22
ae035cfb: folds
45a5937f: folds
be4999bc: folds
Hero: folds
8f2bee09: folds
Uncalled bet ($0.12) returned to 36ac0bb3
*** SHOWDOWN ***
36ac0bb3 collected $0.25 from pot
*** SUMMARY ***
Total pot $0.25 | Rake $0 | Jackpot $0 | Bingo $0 | Fortune $0
Seat 1: be4999bc (button) folded before Flop (didn't bet)
Seat 2: Hero (small blind) folded before Flop
Seat 3: 8f2bee09 (big blind) folded before Flop
Seat 4: 36ac0bb3 collected ($0.25)
Seat 5: ae035cfb folded before Flop (didn't bet)
Seat 6: 45a5937f folded before Flop (didn't bet)


Poker Hand #RC1449754688: Hold'em No Limit  ($0.05/$0.1) - 2023/04/04 09:07:56
Table 'RushAndCash1629948' 6-max Seat #1 is the button
Seat 1: 3360c9de ($10.15 in chips)
Seat 2: d51a8eee ($12.38 in chips)
Seat 3: Hero ($10 in chips)
Seat 4: d75c30b7 ($10.65 in chips)
Seat 5: b4f8d511 ($10.21 in chips)
Seat 6: 83b6d862 ($10 in chips)
d51a8eee: posts small blind $0.05
Hero: posts big blind $0.1
*** HOLE CARDS ***
Dealt to 3360c9de 
Dealt to d51a8eee 
Dealt to Hero [Ah 8d]
Dealt to d75c30b7 
Dealt to b4f8d511 
Dealt to 83b6d862 
d75c30b7: folds
b4f8d511: folds
83b6d862: raises $0.15 to $0.25
3360c9de: folds
d51a8eee: folds
Hero: calls $0.15
*** FLOP *** [6c 2d 3d]
Hero: checks
83b6d862: bets $0.37
Hero: calls $0.37
*** TURN *** [6c 2d 3d] [9s]
Hero: checks
83b6d862: checks
*** RIVER *** [6c 2d 3d 9s] [4h]
Hero: checks
83b6d862: checks
Hero: shows [Ah 8d] (Ace-High)
83b6d862: shows [Ad Qh] (Ace-High)
*** SHOWDOWN ***
83b6d862 collected $1.23 from pot
*** SUMMARY ***
Total pot $1.29 | Rake $0.06 | Jackpot $0 | Bingo $0 | Fortune $0
Board [6c 2d 3d 9s 4h]
Seat 1: 3360c9de (button) folded before Flop (didn't bet)
Seat 2: d51a8eee (small blind) folded before Flop
Seat 3: Hero (big blind) showed [Ah 8d] and lost with Ace-High
Seat 4: d75c30b7 folded before Flop (didn't bet)
Seat 5: b4f8d511 folded before Flop (didn't bet)
Seat 6: 83b6d862 showed [Ad Qh] and won ($1.23) with Ace-High


