Poker Hand #RC1468749211: Hold'em No Limit  ($0.05/$0.1) - 2023/04/12 22:44:15
Table 'RushAndCash5694471' 6-max Seat #1 is the button
Seat 1: Hero ($10.06 in chips)
Seat 2: 7ef5507f ($37.11 in chips)
Seat 3: 2121db44 ($19.41 in chips)
Seat 4: 1bd3bc3d ($37.61 in chips)
Seat 5: bb03a8cb ($10.23 in chips)
Seat 6: 72168b00 ($15.85 in chips)
7ef5507f: posts small blind $0.05
2121db44: posts big blind $0.1
*** HOLE CARDS ***
Dealt to Hero [Qh 5h]
Dealt to 7ef5507f 
Dealt to 2121db44 
Dealt to 1bd3bc3d 
Dealt to bb03a8cb 
Dealt to 72168b00 
1bd3bc3d: folds
bb03a8cb: folds
72168b00: folds
Hero: folds
7ef5507f: raises $0.2 to $0.3
2121db44: folds
Uncalled bet ($0.2) returned to 7ef5507f
*** SHOWDOWN ***
7ef5507f collected $0.2 from pot
*** SUMMARY ***
Total pot $0.2 | Rake $0 | Jackpot $0 | Bingo $0 | Fortune $0
Seat 1: Hero (button) folded before Flop (didn't bet)
Seat 2: 7ef5507f (small blind) collected ($0.2)
Seat 3: 2121db44 (big blind) folded before Flop
Seat 4: 1bd3bc3d folded before Flop (didn't bet)
Seat 5: bb03a8cb folded before Flop (didn't bet)
Seat 6: 72168b00 folded before Flop (didn't bet)


Poker Hand #RC1468749141: Hold'em No Limit  ($0.05/$0.1) - 2023/04/12 22:44:02
Table 'RushAndCash5694401' 6-max Seat #1 is the button
Seat 1: fdb1bcb1 ($10.56 in chips)
Seat 2: c0654ddc ($22.48 in chips)
Seat 3: Hero ($10.01 in chips)
Seat 4: df61ae3b ($13.8 in chips)
Seat 5: 5c97a77f ($18.32 in chips)
Seat 6: 8f731fbe ($14.44 in chips)
c0654ddc: posts small blind $0.05
Hero: posts big blind $0.1
*** HOLE CARDS ***
Dealt to fdb1bcb1 
Dealt to c0654ddc 
Dealt to Hero [4d 2c]
Dealt to df61ae3b 
Dealt to 5c97a77f 
Dealt to 8f731fbe 
df61ae3b: folds
5c97a77f: folds
8f731fbe: folds
fdb1bcb1: folds
c0654ddc: folds
Uncalled bet ($0.05) returned to Hero
*** SHOWDOWN ***
Hero collected $0.1 from pot
*** SUMMARY ***
Total pot $0.1 | Rake $0 | Jackpot $0 | Bingo $0 | Fortune $0
Seat 1: fdb1bcb1 (button) folded before Flop (didn't bet)
Seat 2: c0654ddc (small blind) folded before Flop
Seat 3: Hero (big blind) collected ($0.1)
Seat 4: df61ae3b folded before Flop (didn't bet)
Seat 5: 5c97a77f folded before Flop (didn't bet)
Seat 6: 8f731fbe folded before Flop (didn't bet)


Poker Hand #RC1468749071: Hold'em No Limit  ($0.05/$0.1) - 2023/04/12 22:43:50
Table 'RushAndCash5694331' 6-max Seat #1 is the button
Seat 1: a3f2001a ($10 in chips)
Seat 2: Hero ($10.06 in chips)
Seat 3: 65d63273 ($10.02 in chips)
Seat 4: 65cafbb4 ($10.34 in chips)
Seat 5: e6c7831a ($16.01 in chips)
Seat 6: 4668ff81 ($20.04 in chips)
Hero: posts small blind $0.05
65d63273: posts big blind $0.1
*** HOLE CARDS ***
Dealt to a3f2001a 
Dealt to Hero [Td 7c]
Dealt to 65d63273 
Dealt to 65cafbb4 
Dealt to e6c7831a 
Dealt to 4668ff81 
65cafbb4: folds
e6c7831a: folds
4668ff81: folds
a3f2001a: folds
Hero: folds
Uncalled bet ($0.05) returned to 65d63273
*** SHOWDOWN ***
65d63273 collected $0.1 from pot
*** SUMMARY ***
Total pot $0.1 | Rake $0 | Jackpot $0 | Bingo $0 | Fortune $0
Seat 1: a3f2001a (button) folded before Flop (didn't bet)
Seat 2: Hero (small blind) folded before Flop
Seat 3: 65d63273 (big blind) collected ($0.1)
Seat 4: 65cafbb4 folded before Flop (didn't bet)
Seat 5: e6c7831a folded before Flop (didn't bet)
Seat 6: 4668ff81 folded before Flop (didn't bet)


Poker Hand #RC1468749015: Hold'em No Limit  ($0.05/$0.1) - 2023/04/12 22:43:39
Table 'RushAndCash5694275' 6-max Seat #1 is the button
Seat 1: 2e3ce855 ($9.93 in chips)
Seat 2: 56040a95 ($12.22 in chips)
Seat 3: 57e050f1 ($11.02 in chips)
Seat 4: 1aa524f9 ($10.63 in chips)
Seat 5: 5169ce8c ($10.63 in chips)
Seat 6: Hero ($9.91 in chips)
56040a95: posts small blind $0.05
57e050f1: posts big blind $0.1
*** HOLE CARDS ***
Dealt to 2e3ce855 
Dealt to 56040a95 
Dealt to 57e050f1 
Dealt to 1aa524f9 
Dealt to 5169ce8c 
Dealt to Hero [Kh Kd]
1aa524f9: folds
5169ce8c: folds
Hero: raises $0.15 to $0.25
2e3ce855: folds
56040a95: folds
57e050f1: folds
Uncalled bet ($0.15) returned to Hero
*** SHOWDOWN ***
Hero collected $0.25 from pot
*** SUMMARY ***
Total pot $0.25 | Rake $0 | Jackpot $0 | Bingo $0 | Fortune $0
Seat 1: 2e3ce855 (button) folded before Flop (didn't bet)
Seat 2: 56040a95 (small blind) folded before Flop
Seat 3: 57e050f1 (big blind) folded before Flop
Seat 4: 1aa524f9 folded before Flop (didn't bet)
Seat 5: 5169ce8c folded before Flop (didn't bet)
Seat 6: Hero collected ($0.25)


Poker Hand #RC1468748391: Hold'em No Limit  ($0.05/$0.1) - 2023/04/12 22:41:34
Table 'RushAndCash5693651' 6-max Seat #1 is the button
Seat 1: 4006d9d1 ($12.66 in chips)
Seat 2: Hero ($13.62 in chips)
Seat 3: a9272072 ($21.23 in chips)
Seat 4: 27c922fe ($34.47 in chips)
Seat 5: abeb1b37 ($12.7 in chips)
Seat 6: a0b75c0a ($11.53 in chips)
Hero: posts small blind $0.05
a9272072: posts big blind $0.1
*** HOLE CARDS ***
Dealt to 4006d9d1 
Dealt to Hero [Qc Kh]
Dealt to a9272072 
Dealt to 27c922fe 
Dealt to abeb1b37 
Dealt to a0b75c0a 
27c922fe: folds
abeb1b37: folds
a0b75c0a: raises $0.15 to $0.25
4006d9d1: folds
Hero: raises $0.8 to $1.05
a9272072: folds
a0b75c0a: calls $0.8
*** FLOP *** [Ah 7d Tc]
Hero: bets $1.1
a0b75c0a: calls $1.1
*** TURN *** [Ah 7d Tc] [9s]
Hero: bets $1.56
a0b75c0a: calls $1.56
*** RIVER *** [Ah 7d Tc 9s] [2c]
Hero: checks
a0b75c0a: checks
Hero: shows [Qc Kh] (Ace-High)
a0b75c0a: shows [Td Jd] (Pair of Tens)
*** SHOWDOWN ***
a0b75c0a collected $7.07 from pot
*** SUMMARY ***
Total pot $7.52 | Rake $0.3 | Jackpot $0.15 | Bingo $0 | Fortune $0
Board [Ah 7d Tc 9s 2c]
Seat 1: 4006d9d1 (button) folded before Flop (didn't bet)
Seat 2: Hero (small blind) showed [Qc Kh] and lost with Ace-High
Seat 3: a9272072 (big blind) folded before Flop
Seat 4: 27c922fe folded before Flop (didn't bet)
Seat 5: abeb1b37 folded before Flop (didn't bet)
Seat 6: a0b75c0a showed [Td Jd] and won ($7.07) with Pair of Tens


Poker Hand #RC1468748348: Hold'em No Limit  ($0.05/$0.1) - 2023/04/12 22:41:25
Table 'RushAndCash5693608' 6-max Seat #1 is the button
Seat 1: Hero ($13.62 in chips)
Seat 2: db81efb8 ($11.75 in chips)
Seat 3: c2148af1 ($19.94 in chips)
Seat 4: 1ae7786f ($6.9 in chips)
Seat 5: dce57a55 ($7.68 in chips)
Seat 6: 7e77947 ($49.44 in chips)
db81efb8: posts small blind $0.05
c2148af1: posts big blind $0.1
*** HOLE CARDS ***
Dealt to Hero [3h Qd]
Dealt to db81efb8 
Dealt to c2148af1 
Dealt to 1ae7786f 
Dealt to dce57a55 
Dealt to 7e77947 
1ae7786f: raises $0.2 to $0.3
dce57a55: folds
7e77947: folds
Hero: folds
db81efb8: folds
c2148af1: folds
Uncalled bet ($0.2) returned to 1ae7786f
*** SHOWDOWN ***
1ae7786f collected $0.25 from pot
*** SUMMARY ***
Total pot $0.25 | Rake $0 | Jackpot $0 | Bingo $0 | Fortune $0
Seat 1: Hero (button) folded before Flop (didn't bet)
Seat 2: db81efb8 (small blind) folded before Flop
Seat 3: c2148af1 (big blind) folded before Flop
Seat 4: 1ae7786f collected ($0.25)
Seat 5: dce57a55 folded before Flop (didn't bet)
Seat 6: 7e77947 folded before Flop (didn't bet)


Poker Hand #RC1468748317: Hold'em No Limit  ($0.05/$0.1) - 2023/04/12 22:41:19
Table 'RushAndCash5693577' 6-max Seat #1 is the button
Seat 1: 5fd62a7b ($11.66 in chips)
Seat 2: cc04985d ($10 in chips)
Seat 3: Hero ($13.72 in chips)
Seat 4: c3b65d17 ($11.1 in chips)
Seat 5: dec7a8c9 ($8.38 in chips)
Seat 6: b7627d4a ($42.01 in chips)
cc04985d: posts small blind $0.05
Hero: posts big blind $0.1
*** HOLE CARDS ***
Dealt to 5fd62a7b 
Dealt to cc04985d 
Dealt to Hero [Jd 2s]
Dealt to c3b65d17 
Dealt to dec7a8c9 
Dealt to b7627d4a 
c3b65d17: folds
dec7a8c9: raises $0.15 to $0.25
b7627d4a: folds
5fd62a7b: folds
cc04985d: raises $0.7 to $0.95
Hero: folds
dec7a8c9: calls $0.7
*** FLOP *** [6d 7h 3d]
cc04985d: bets $1
dec7a8c9: folds
Uncalled bet ($1) returned to cc04985d
*** SHOWDOWN ***
cc04985d collected $1.9 from pot
*** SUMMARY ***
Total pot $2 | Rake $0.1 | Jackpot $0 | Bingo $0 | Fortune $0
Board [6d 7h 3d]
Seat 1: 5fd62a7b (button) folded before Flop (didn't bet)
Seat 2: cc04985d (small blind) won ($1.9)
Seat 3: Hero (big blind) folded before Flop
Seat 4: c3b65d17 folded before Flop (didn't bet)
Seat 5: dec7a8c9 folded on the Flop
Seat 6: b7627d4a folded before Flop (didn't bet)


Poker Hand #RC1468748273: Hold'em No Limit  ($0.05/$0.1) - 2023/04/12 22:41:10
Table 'RushAndCash5693533' 6-max Seat #1 is the button
Seat 1: 99dd79b5 ($17.1 in chips)
Seat 2: abe24ac3 ($10 in chips)
Seat 3: 3e21e9b7 ($11.12 in chips)
Seat 4: 98c8dfd ($10.11 in chips)
Seat 5: b21ec3af ($10.74 in chips)
Seat 6: Hero ($13.72 in chips)
abe24ac3: posts small blind $0.05
3e21e9b7: posts big blind $0.1
*** HOLE CARDS ***
Dealt to 99dd79b5 
Dealt to abe24ac3 
Dealt to 3e21e9b7 
Dealt to 98c8dfd 
Dealt to b21ec3af 
Dealt to Hero [3d 5c]
98c8dfd: raises $0.11 to $0.21
b21ec3af: folds
Hero: folds
99dd79b5: folds
abe24ac3: folds
3e21e9b7: folds
Uncalled bet ($0.11) returned to 98c8dfd
*** SHOWDOWN ***
98c8dfd collected $0.25 from pot
*** SUMMARY ***
Total pot $0.25 | Rake $0 | Jackpot $0 | Bingo $0 | Fortune $0
Seat 1: 99dd79b5 (button) folded before Flop (didn't bet)
Seat 2: abe24ac3 (small blind) folded before Flop
Seat 3: 3e21e9b7 (big blind) folded before Flop
Seat 4: 98c8dfd collected ($0.25)
Seat 5: b21ec3af folded before Flop (didn't bet)
Seat 6: Hero folded before Flop (didn't bet)


Poker Hand #RC1468748228: Hold'em No Limit  ($0.05/$0.1) - 2023/04/12 22:41:02
Table 'RushAndCash5693488' 6-max Seat #1 is the button
Seat 1: b709086d ($13.29 in chips)
Seat 2: e9b78d3a ($9.17 in chips)
Seat 3: f04255a2 ($9.91 in chips)
Seat 4: a67c9ee1 ($7.78 in chips)
Seat 5: Hero ($13.72 in chips)
Seat 6: 74b9252e ($11.51 in chips)
e9b78d3a: posts small blind $0.05
f04255a2: posts big blind $0.1
*** HOLE CARDS ***
Dealt to b709086d 
Dealt to e9b78d3a 
Dealt to f04255a2 
Dealt to a67c9ee1 
Dealt to Hero [Kd 8c]
Dealt to 74b9252e 
a67c9ee1: raises $0.15 to $0.25
Hero: folds
74b9252e: folds
b709086d: folds
e9b78d3a: folds
f04255a2: folds
Uncalled bet ($0.15) returned to a67c9ee1
*** SHOWDOWN ***
a67c9ee1 collected $0.25 from pot
*** SUMMARY ***
Total pot $0.25 | Rake $0 | Jackpot $0 | Bingo $0 | Fortune $0
Seat 1: b709086d (button) folded before Flop (didn't bet)
Seat 2: e9b78d3a (small blind) folded before Flop
Seat 3: f04255a2 (big blind) folded before Flop
Seat 4: a67c9ee1 collected ($0.25)
Seat 5: Hero folded before Flop (didn't bet)
Seat 6: 74b9252e folded before Flop (didn't bet)


Poker Hand #RC1468748204: Hold'em No Limit  ($0.05/$0.1) - 2023/04/12 22:40:57
Table 'RushAndCash5693464' 6-max Seat #1 is the button
Seat 1: acc311b8 ($10.42 in chips)
Seat 2: 622dbab1 ($18.06 in chips)
Seat 3: 216756c6 ($10.74 in chips)
Seat 4: Hero ($13.72 in chips)
Seat 5: 15fe9a6a ($9.41 in chips)
Seat 6: abd1e2a3 ($11.69 in chips)
622dbab1: posts small blind $0.05
216756c6: posts big blind $0.1
*** HOLE CARDS ***
Dealt to acc311b8 
Dealt to 622dbab1 
Dealt to 216756c6 
Dealt to Hero [4c Kd]
Dealt to 15fe9a6a 
Dealt to abd1e2a3 
Hero: folds
15fe9a6a: raises $0.14 to $0.24
abd1e2a3: folds
acc311b8: folds
622dbab1: folds
216756c6: folds
Uncalled bet ($0.14) returned to 15fe9a6a
*** SHOWDOWN ***
15fe9a6a collected $0.25 from pot
*** SUMMARY ***
Total pot $0.25 | Rake $0 | Jackpot $0 | Bingo $0 | Fortune $0
Seat 1: acc311b8 (button) folded before Flop (didn't bet)
Seat 2: 622dbab1 (small blind) folded before Flop
Seat 3: 216756c6 (big blind) folded before Flop
Seat 4: Hero folded before Flop (didn't bet)
Seat 5: 15fe9a6a collected ($0.25)
Seat 6: abd1e2a3 folded before Flop (didn't bet)


Poker Hand #RC1468748160: Hold'em No Limit  ($0.05/$0.1) - 2023/04/12 22:40:49
Table 'RushAndCash5693420' 6-max Seat #1 is the button
Seat 1: c9a2f501 ($39.89 in chips)
Seat 2: abd1e2a3 ($11.74 in chips)
Seat 3: 9933906c ($5.18 in chips)
Seat 4: c699f643 ($15.99 in chips)
Seat 5: Hero ($13.72 in chips)
Seat 6: 2edb5078 ($10.53 in chips)
abd1e2a3: posts small blind $0.05
9933906c: posts big blind $0.1
*** HOLE CARDS ***
Dealt to c9a2f501 
Dealt to abd1e2a3 
Dealt to 9933906c 
Dealt to c699f643 
Dealt to Hero [Qh 5h]
Dealt to 2edb5078 
c699f643: raises $0.15 to $0.25
Hero: folds
2edb5078: folds
c9a2f501: folds
abd1e2a3: folds
9933906c: calls $0.15
*** FLOP *** [7s 5c Kc]
9933906c: checks
c699f643: checks
*** TURN *** [7s 5c Kc] [3h]
9933906c: bets $0.19
c699f643: calls $0.19
*** RIVER *** [7s 5c Kc 3h] [4d]
9933906c: bets $0.7
c699f643: calls $0.7
9933906c: shows [Qd Kh] (Pair of Kings)
c699f643: shows [Ah Ad] (Pair of Aces)
*** SHOWDOWN ***
c699f643 collected $2.22 from pot
*** SUMMARY ***
Total pot $2.33 | Rake $0.11 | Jackpot $0 | Bingo $0 | Fortune $0
Board [7s 5c Kc 3h 4d]
Seat 1: c9a2f501 (button) folded before Flop (didn't bet)
Seat 2: abd1e2a3 (small blind) folded before Flop
Seat 3: 9933906c (big blind) showed [Qd Kh] and lost with Pair of Kings
Seat 4: c699f643 showed [Ah Ad] and won ($2.22) with Pair of Aces
Seat 5: Hero folded before Flop (didn't bet)
Seat 6: 2edb5078 folded before Flop (didn't bet)


Poker Hand #RC1468748113: Hold'em No Limit  ($0.05/$0.1) - 2023/04/12 22:40:40
Table 'RushAndCash5693373' 6-max Seat #1 is the button
Seat 1: Hero ($13.72 in chips)
Seat 2: 84ae99a4 ($32.53 in chips)
Seat 3: 27c7f8f ($10.47 in chips)
Seat 4: 8d6b34b6 ($10 in chips)
Seat 5: 9933906c ($5.18 in chips)
Seat 6: dce57a55 ($7.93 in chips)
84ae99a4: posts small blind $0.05
27c7f8f: posts big blind $0.1
*** HOLE CARDS ***
Dealt to Hero [4s 2c]
Dealt to 84ae99a4 
Dealt to 27c7f8f 
Dealt to 8d6b34b6 
Dealt to 9933906c 
Dealt to dce57a55 
8d6b34b6: folds
9933906c: folds
dce57a55: folds
Hero: folds
84ae99a4: folds
Uncalled bet ($0.05) returned to 27c7f8f
*** SHOWDOWN ***
27c7f8f collected $0.1 from pot
*** SUMMARY ***
Total pot $0.1 | Rake $0 | Jackpot $0 | Bingo $0 | Fortune $0
Seat 1: Hero (button) folded before Flop (didn't bet)
Seat 2: 84ae99a4 (small blind) folded before Flop
Seat 3: 27c7f8f (big blind) collected ($0.1)
Seat 4: 8d6b34b6 folded before Flop (didn't bet)
Seat 5: 9933906c folded before Flop (didn't bet)
Seat 6: dce57a55 folded before Flop (didn't bet)


Poker Hand #RC1468747782: Hold'em No Limit  ($0.05/$0.1) - 2023/04/12 22:39:32
Table 'RushAndCash5693042' 6-max Seat #1 is the button
Seat 1: 9933906c ($5.65 in chips)
Seat 2: 3f11a39e ($17 in chips)
Seat 3: d27c11c ($10.33 in chips)
Seat 4: Hero ($13.15 in chips)
Seat 5: 2edb5078 ($10.33 in chips)
Seat 6: 956bff6d ($19.89 in chips)
3f11a39e: posts small blind $0.05
d27c11c: posts big blind $0.1
*** HOLE CARDS ***
Dealt to 9933906c 
Dealt to 3f11a39e 
Dealt to d27c11c 
Dealt to Hero [Qh Ks]
Dealt to 2edb5078 
Dealt to 956bff6d 
Hero: raises $0.15 to $0.25
2edb5078: folds
956bff6d: folds
9933906c: calls $0.25
3f11a39e: folds
d27c11c: folds
*** FLOP *** [6s Jd 6h]
Hero: checks
9933906c: bets $0.22
Hero: calls $0.22
*** TURN *** [6s Jd 6h] [Td]
Hero: checks
9933906c: checks
*** RIVER *** [6s Jd 6h Td] [7d]
Hero: bets $0.92
9933906c: folds
Uncalled bet ($0.92) returned to Hero
*** SHOWDOWN ***
Hero collected $1.04 from pot
*** SUMMARY ***
Total pot $1.09 | Rake $0.05 | Jackpot $0 | Bingo $0 | Fortune $0
Board [6s Jd 6h Td 7d]
Seat 1: 9933906c (button) folded on the River
Seat 2: 3f11a39e (small blind) folded before Flop
Seat 3: d27c11c (big blind) folded before Flop
Seat 4: Hero won ($1.04)
Seat 5: 2edb5078 folded before Flop (didn't bet)
Seat 6: 956bff6d folded before Flop (didn't bet)


Poker Hand #RC1468747205: Hold'em No Limit  ($0.05/$0.1) - 2023/04/12 22:37:40
Table 'RushAndCash5692465' 6-max Seat #1 is the button
Seat 1: 1ed561b7 ($10 in chips)
Seat 2: 5cf71aae ($10.2 in chips)
Seat 3: Hero ($8.63 in chips)
Seat 4: 4c69cfa4 ($11.35 in chips)
Seat 5: 956bff6d ($24.56 in chips)
Seat 6: 1df45162 ($10.15 in chips)
5cf71aae: posts small blind $0.05
Hero: posts big blind $0.1
*** HOLE CARDS ***
Dealt to 1ed561b7 
Dealt to 5cf71aae 
Dealt to Hero [As Js]
Dealt to 4c69cfa4 
Dealt to 956bff6d 
Dealt to 1df45162 
4c69cfa4: folds
956bff6d: raises $0.15 to $0.25
1df45162: calls $0.25
1ed561b7: folds
5cf71aae: folds
Hero: raises $1.05 to $1.3
956bff6d: calls $1.05
1df45162: folds
*** FLOP *** [Ac 9h 3h]
Hero: checks
956bff6d: checks
*** TURN *** [Ac 9h 3h] [6c]
Hero: bets $1.45
956bff6d: calls $1.45
*** RIVER *** [Ac 9h 3h 6c] [6h]
Hero: bets $1.92
956bff6d: calls $1.92
Hero: shows [As Js] (Pair of Aces and Pair of Sixes)
956bff6d: shows [Kh Ks] (Pair of Kings and Pair of Sixes)
*** SHOWDOWN ***
Hero collected $9.19 from pot
*** SUMMARY ***
Total pot $9.64 | Rake $0.3 | Jackpot $0.15 | Bingo $0 | Fortune $0
Board [Ac 9h 3h 6c 6h]
Seat 1: 1ed561b7 (button) folded before Flop (didn't bet)
Seat 2: 5cf71aae (small blind) folded before Flop
Seat 3: Hero (big blind) showed [As Js] and won ($9.19) with Pair of Aces and Pair of Sixes
Seat 4: 4c69cfa4 folded before Flop (didn't bet)
Seat 5: 956bff6d showed [Kh Ks] and lost with Pair of Kings and Pair of Sixes
Seat 6: 1df45162 folded before Flop


Poker Hand #RC1468747138: Hold'em No Limit  ($0.05/$0.1) - 2023/04/12 22:37:26
Table 'RushAndCash5692398' 6-max Seat #1 is the button
Seat 1: 5adfb17c ($12.82 in chips)
Seat 2: Hero ($8.68 in chips)
Seat 3: 4eb93d26 ($10 in chips)
Seat 4: bb2f8a78 ($23.57 in chips)
Seat 5: 5c10a283 ($14.22 in chips)
Seat 6: 5abf0cad ($10.43 in chips)
Hero: posts small blind $0.05
4eb93d26: posts big blind $0.1
*** HOLE CARDS ***
Dealt to 5adfb17c 
Dealt to Hero [7c 3d]
Dealt to 4eb93d26 
Dealt to bb2f8a78 
Dealt to 5c10a283 
Dealt to 5abf0cad 
bb2f8a78: folds
5c10a283: folds
5abf0cad: raises $0.15 to $0.25
5adfb17c: calls $0.25
Hero: folds
4eb93d26: folds
*** FLOP *** [2s Ah 8d]
5abf0cad: bets $0.22
5adfb17c: calls $0.22
*** TURN *** [2s Ah 8d] [Qc]
5abf0cad: checks
5adfb17c: bets $0.72
5abf0cad: folds
Uncalled bet ($0.72) returned to 5adfb17c
*** SHOWDOWN ***
5adfb17c collected $1.04 from pot
*** SUMMARY ***
Total pot $1.09 | Rake $0.05 | Jackpot $0 | Bingo $0 | Fortune $0
Board [2s Ah 8d Qc]
Seat 1: 5adfb17c (button) won ($1.04)
Seat 2: Hero (small blind) folded before Flop
Seat 3: 4eb93d26 (big blind) folded before Flop
Seat 4: bb2f8a78 folded before Flop (didn't bet)
Seat 5: 5c10a283 folded before Flop (didn't bet)
Seat 6: 5abf0cad folded on the Turn


Poker Hand #RC1468747116: Hold'em No Limit  ($0.05/$0.1) - 2023/04/12 22:37:21
Table 'RushAndCash5692376' 6-max Seat #1 is the button
Seat 1: 757b4f19 ($11.7 in chips)
Seat 2: 8eb17589 ($10.35 in chips)
Seat 3: 5cf71aae ($10.15 in chips)
Seat 4: Hero ($8.68 in chips)
Seat 5: 95e8a748 ($76.16 in chips)
Seat 6: b3bc1449 ($13.84 in chips)
8eb17589: posts small blind $0.05
5cf71aae: posts big blind $0.1
*** HOLE CARDS ***
Dealt to 757b4f19 
Dealt to 8eb17589 
Dealt to 5cf71aae 
Dealt to Hero [4h Th]
Dealt to 95e8a748 
Dealt to b3bc1449 
Hero: folds
95e8a748: folds
b3bc1449: folds
757b4f19: folds
8eb17589: folds
Uncalled bet ($0.05) returned to 5cf71aae
*** SHOWDOWN ***
5cf71aae collected $0.1 from pot
*** SUMMARY ***
Total pot $0.1 | Rake $0 | Jackpot $0 | Bingo $0 | Fortune $0
Seat 1: 757b4f19 (button) folded before Flop (didn't bet)
Seat 2: 8eb17589 (small blind) folded before Flop
Seat 3: 5cf71aae (big blind) collected ($0.1)
Seat 4: Hero folded before Flop (didn't bet)
Seat 5: 95e8a748 folded before Flop (didn't bet)
Seat 6: b3bc1449 folded before Flop (didn't bet)


Poker Hand #RC1468747096: Hold'em No Limit  ($0.05/$0.1) - 2023/04/12 22:37:17
Table 'RushAndCash5692356' 6-max Seat #1 is the button
Seat 1: Hero ($8.68 in chips)
Seat 2: 474d2d9b ($9.91 in chips)
Seat 3: dd9e3d1e ($10.15 in chips)
Seat 4: 1c8bc73d ($39.74 in chips)
Seat 5: 2121db44 ($17.89 in chips)
Seat 6: 34c761bf ($10 in chips)
474d2d9b: posts small blind $0.05
dd9e3d1e: posts big blind $0.1
*** HOLE CARDS ***
Dealt to Hero [Kd 4h]
Dealt to 474d2d9b 
Dealt to dd9e3d1e 
Dealt to 1c8bc73d 
Dealt to 2121db44 
Dealt to 34c761bf 
1c8bc73d: folds
2121db44: folds
34c761bf: raises $0.12 to $0.22
Hero: folds
474d2d9b: folds
dd9e3d1e: folds
Uncalled bet ($0.12) returned to 34c761bf
*** SHOWDOWN ***
34c761bf collected $0.25 from pot
*** SUMMARY ***
Total pot $0.25 | Rake $0 | Jackpot $0 | Bingo $0 | Fortune $0
Seat 1: Hero (button) folded before Flop (didn't bet)
Seat 2: 474d2d9b (small blind) folded before Flop
Seat 3: dd9e3d1e (big blind) folded before Flop
Seat 4: 1c8bc73d folded before Flop (didn't bet)
Seat 5: 2121db44 folded before Flop (didn't bet)
Seat 6: 34c761bf collected ($0.25)


Poker Hand #RC1468747053: Hold'em No Limit  ($0.05/$0.1) - 2023/04/12 22:37:08
Table 'RushAndCash5692313' 6-max Seat #1 is the button
Seat 1: 31ca2bac ($18.73 in chips)
Seat 2: 2ab545f3 ($15.64 in chips)
Seat 3: 12474e3e ($31.41 in chips)
Seat 4: 316fcf17 ($10 in chips)
Seat 5: b4b16d81 ($10.15 in chips)
Seat 6: Hero ($8.68 in chips)
2ab545f3: posts small blind $0.05
12474e3e: posts big blind $0.1
*** HOLE CARDS ***
Dealt to 31ca2bac 
Dealt to 2ab545f3 
Dealt to 12474e3e 
Dealt to 316fcf17 
Dealt to b4b16d81 
Dealt to Hero [8d 4c]
316fcf17: folds
b4b16d81: folds
Hero: folds
31ca2bac: folds
2ab545f3: raises $0.2 to $0.3
12474e3e: raises $0.68 to $0.98
2ab545f3: folds
Uncalled bet ($0.68) returned to 12474e3e
*** SHOWDOWN ***
12474e3e collected $0.57 from pot
*** SUMMARY ***
Total pot $0.6 | Rake $0.03 | Jackpot $0 | Bingo $0 | Fortune $0
Seat 1: 31ca2bac (button) folded before Flop (didn't bet)
Seat 2: 2ab545f3 (small blind) folded before Flop
Seat 3: 12474e3e (big blind) collected ($0.57)
Seat 4: 316fcf17 folded before Flop (didn't bet)
Seat 5: b4b16d81 folded before Flop (didn't bet)
Seat 6: Hero folded before Flop (didn't bet)


Poker Hand #RC1468746993: Hold'em No Limit  ($0.05/$0.1) - 2023/04/12 22:36:56
Table 'RushAndCash5692253' 6-max Seat #1 is the button
Seat 1: c3d231d2 ($10.15 in chips)
Seat 2: Hero ($8.73 in chips)
Seat 3: 2ffa5376 ($19.71 in chips)
Seat 4: 6e26c001 ($19.05 in chips)
Seat 5: 8567b7a8 ($22.05 in chips)
Seat 6: d434b8f2 ($10.32 in chips)
Hero: posts small blind $0.05
2ffa5376: posts big blind $0.1
*** HOLE CARDS ***
Dealt to c3d231d2 
Dealt to Hero [2d Kc]
Dealt to 2ffa5376 
Dealt to 6e26c001 
Dealt to 8567b7a8 
Dealt to d434b8f2 
6e26c001: folds
8567b7a8: folds
d434b8f2: folds
c3d231d2: raises $0.15 to $0.25
Hero: folds
2ffa5376: folds
Uncalled bet ($0.15) returned to c3d231d2
*** SHOWDOWN ***
c3d231d2 collected $0.25 from pot
*** SUMMARY ***
Total pot $0.25 | Rake $0 | Jackpot $0 | Bingo $0 | Fortune $0
Seat 1: c3d231d2 (button) collected ($0.25)
Seat 2: Hero (small blind) folded before Flop
Seat 3: 2ffa5376 (big blind) folded before Flop
Seat 4: 6e26c001 folded before Flop (didn't bet)
Seat 5: 8567b7a8 folded before Flop (didn't bet)
Seat 6: d434b8f2 folded before Flop (didn't bet)


Poker Hand #RC1468746964: Hold'em No Limit  ($0.05/$0.1) - 2023/04/12 22:36:50
Table 'RushAndCash5692224' 6-max Seat #1 is the button
Seat 1: af0b5ab4 ($10.48 in chips)
Seat 2: 20e76067 ($16.14 in chips)
Seat 3: f04255a2 ($9.29 in chips)
Seat 4: Hero ($8.73 in chips)
Seat 5: 1bd3bc3d ($37.19 in chips)
Seat 6: 2121db44 ($17.94 in chips)
20e76067: posts small blind $0.05
f04255a2: posts big blind $0.1
*** HOLE CARDS ***
Dealt to af0b5ab4 
Dealt to 20e76067 
Dealt to f04255a2 
Dealt to Hero [2d 9h]
Dealt to 1bd3bc3d 
Dealt to 2121db44 
Hero: folds
1bd3bc3d: folds
2121db44: folds
af0b5ab4: raises $0.15 to $0.25
20e76067: folds
f04255a2: folds
Uncalled bet ($0.15) returned to af0b5ab4
*** SHOWDOWN ***
af0b5ab4 collected $0.25 from pot
*** SUMMARY ***
Total pot $0.25 | Rake $0 | Jackpot $0 | Bingo $0 | Fortune $0
Seat 1: af0b5ab4 (button) collected ($0.25)
Seat 2: 20e76067 (small blind) folded before Flop
Seat 3: f04255a2 (big blind) folded before Flop
Seat 4: Hero folded before Flop (didn't bet)
Seat 5: 1bd3bc3d folded before Flop (didn't bet)
Seat 6: 2121db44 folded before Flop (didn't bet)


Poker Hand #RC1468746834: Hold'em No Limit  ($0.05/$0.1) - 2023/04/12 22:36:26
Table 'RushAndCash5692094' 6-max Seat #1 is the button
Seat 1: 7ceb3361 ($11.77 in chips)
Seat 2: 56606650 ($14.84 in chips)
Seat 3: Hero ($8.83 in chips)
Seat 4: 2121db44 ($18.04 in chips)
Seat 5: 6652e61d ($9.85 in chips)
Seat 6: dd437ca7 ($10.77 in chips)
56606650: posts small blind $0.05
Hero: posts big blind $0.1
*** HOLE CARDS ***
Dealt to 7ceb3361 
Dealt to 56606650 
Dealt to Hero [Kc 3d]
Dealt to 2121db44 
Dealt to 6652e61d 
Dealt to dd437ca7 
2121db44: folds
6652e61d: folds
dd437ca7: raises $0.1 to $0.2
7ceb3361: folds
56606650: folds
Hero: folds
Uncalled bet ($0.1) returned to dd437ca7
*** SHOWDOWN ***
dd437ca7 collected $0.25 from pot
*** SUMMARY ***
Total pot $0.25 | Rake $0 | Jackpot $0 | Bingo $0 | Fortune $0
Seat 1: 7ceb3361 (button) folded before Flop (didn't bet)
Seat 2: 56606650 (small blind) folded before Flop
Seat 3: Hero (big blind) folded before Flop
Seat 4: 2121db44 folded before Flop (didn't bet)
Seat 5: 6652e61d folded before Flop (didn't bet)
Seat 6: dd437ca7 collected ($0.25)


Poker Hand #RC1468746790: Hold'em No Limit  ($0.05/$0.1) - 2023/04/12 22:36:17
Table 'RushAndCash5692050' 6-max Seat #1 is the button
Seat 1: 2f0ca27c ($18.52 in chips)
Seat 2: c9c743d2 ($11.41 in chips)
Seat 3: 8e6a7c26 ($10.15 in chips)
Seat 4: Hero ($8.83 in chips)
Seat 5: 9f482e0f ($32.84 in chips)
Seat 6: 2edb5078 ($10.18 in chips)
c9c743d2: posts small blind $0.05
8e6a7c26: posts big blind $0.1
*** HOLE CARDS ***
Dealt to 2f0ca27c 
Dealt to c9c743d2 
Dealt to 8e6a7c26 
Dealt to Hero [Qs 3d]
Dealt to 9f482e0f 
Dealt to 2edb5078 
Hero: folds
9f482e0f: folds
2edb5078: folds
2f0ca27c: raises $0.15 to $0.25
c9c743d2: raises $0.75 to $1
8e6a7c26: folds
2f0ca27c: folds
Uncalled bet ($0.75) returned to c9c743d2
*** SHOWDOWN ***
c9c743d2 collected $0.57 from pot
*** SUMMARY ***
Total pot $0.6 | Rake $0.03 | Jackpot $0 | Bingo $0 | Fortune $0
Seat 1: 2f0ca27c (button) folded before Flop
Seat 2: c9c743d2 (small blind) collected ($0.57)
Seat 3: 8e6a7c26 (big blind) folded before Flop
Seat 4: Hero folded before Flop (didn't bet)
Seat 5: 9f482e0f folded before Flop (didn't bet)
Seat 6: 2edb5078 folded before Flop (didn't bet)


Poker Hand #RC1468746692: Hold'em No Limit  ($0.05/$0.1) - 2023/04/12 22:35:56
Table 'RushAndCash5691952' 6-max Seat #1 is the button
Seat 1: Hero ($8.68 in chips)
Seat 2: 8a5865fe ($4.82 in chips)
Seat 3: 9f9c3e42 ($10 in chips)
Seat 4: 334d1d8b ($19.23 in chips)
Seat 5: d11fc2b2 ($10 in chips)
Seat 6: 67d2d0bc ($11.48 in chips)
8a5865fe: posts small blind $0.05
9f9c3e42: posts big blind $0.1
*** HOLE CARDS ***
Dealt to Hero [Qh Ad]
Dealt to 8a5865fe 
Dealt to 9f9c3e42 
Dealt to 334d1d8b 
Dealt to d11fc2b2 
Dealt to 67d2d0bc 
334d1d8b: folds
d11fc2b2: folds
67d2d0bc: folds
Hero: raises $0.15 to $0.25
8a5865fe: folds
9f9c3e42: folds
Uncalled bet ($0.15) returned to Hero
*** SHOWDOWN ***
Hero collected $0.25 from pot
*** SUMMARY ***
Total pot $0.25 | Rake $0 | Jackpot $0 | Bingo $0 | Fortune $0
Seat 1: Hero (button) collected ($0.25)
Seat 2: 8a5865fe (small blind) folded before Flop
Seat 3: 9f9c3e42 (big blind) folded before Flop
Seat 4: 334d1d8b folded before Flop (didn't bet)
Seat 5: d11fc2b2 folded before Flop (didn't bet)
Seat 6: 67d2d0bc folded before Flop (didn't bet)


Poker Hand #RC1468746520: Hold'em No Limit  ($0.05/$0.1) - 2023/04/12 22:35:23
Table 'RushAndCash5691780' 6-max Seat #1 is the button
Seat 1: 216756c6 ($10.78 in chips)
Seat 2: 8a5865fe ($4.97 in chips)
Seat 3: a27fb65b ($19.22 in chips)
Seat 4: Hero ($8.53 in chips)
Seat 5: 3822f2d6 ($21.02 in chips)
Seat 6: 98c8dfd ($4 in chips)
8a5865fe: posts small blind $0.05
a27fb65b: posts big blind $0.1
*** HOLE CARDS ***
Dealt to 216756c6 
Dealt to 8a5865fe 
Dealt to a27fb65b 
Dealt to Hero [6d Ad]
Dealt to 3822f2d6 
Dealt to 98c8dfd 
Hero: raises $0.15 to $0.25
3822f2d6: folds
98c8dfd: folds
216756c6: folds
8a5865fe: folds
a27fb65b: folds
Uncalled bet ($0.15) returned to Hero
*** SHOWDOWN ***
Hero collected $0.25 from pot
*** SUMMARY ***
Total pot $0.25 | Rake $0 | Jackpot $0 | Bingo $0 | Fortune $0
Seat 1: 216756c6 (button) folded before Flop (didn't bet)
Seat 2: 8a5865fe (small blind) folded before Flop
Seat 3: a27fb65b (big blind) folded before Flop
Seat 4: Hero collected ($0.25)
Seat 5: 3822f2d6 folded before Flop (didn't bet)
Seat 6: 98c8dfd folded before Flop (didn't bet)


Poker Hand #RC1468746476: Hold'em No Limit  ($0.05/$0.1) - 2023/04/12 22:35:15
Table 'RushAndCash5691736' 6-max Seat #1 is the button
Seat 1: 5c10a283 ($14.27 in chips)
Seat 2: 4a502d51 ($20.01 in chips)
Seat 3: f1deaac4 ($10.3 in chips)
Seat 4: 5adfb17c ($12.77 in chips)
Seat 5: 9ab74402 ($11.27 in chips)
Seat 6: Hero ($8.53 in chips)
4a502d51: posts small blind $0.05
f1deaac4: posts big blind $0.1
*** HOLE CARDS ***
Dealt to 5c10a283 
Dealt to 4a502d51 
Dealt to f1deaac4 
Dealt to 5adfb17c 
Dealt to 9ab74402 
Dealt to Hero [9c 5s]
5adfb17c: raises $0.15 to $0.25
9ab74402: folds
Hero: folds
5c10a283: folds
4a502d51: folds
f1deaac4: folds
Uncalled bet ($0.15) returned to 5adfb17c
*** SHOWDOWN ***
5adfb17c collected $0.25 from pot
*** SUMMARY ***
Total pot $0.25 | Rake $0 | Jackpot $0 | Bingo $0 | Fortune $0
Seat 1: 5c10a283 (button) folded before Flop (didn't bet)
Seat 2: 4a502d51 (small blind) folded before Flop
Seat 3: f1deaac4 (big blind) folded before Flop
Seat 4: 5adfb17c collected ($0.25)
Seat 5: 9ab74402 folded before Flop (didn't bet)
Seat 6: Hero folded before Flop (didn't bet)


Poker Hand #RC1468746456: Hold'em No Limit  ($0.05/$0.1) - 2023/04/12 22:35:11
Table 'RushAndCash5691716' 6-max Seat #1 is the button
Seat 1: ea5ab571 ($12.24 in chips)
Seat 2: Hero ($8.58 in chips)
Seat 3: 2ffa5376 ($16.35 in chips)
Seat 4: a27fb65b ($19.07 in chips)
Seat 5: d929b838 ($10.43 in chips)
Seat 6: de447c21 ($26.36 in chips)
Hero: posts small blind $0.05
2ffa5376: posts big blind $0.1
*** HOLE CARDS ***
Dealt to ea5ab571 
Dealt to Hero [3d 2h]
Dealt to 2ffa5376 
Dealt to a27fb65b 
Dealt to d929b838 
Dealt to de447c21 
a27fb65b: raises $0.15 to $0.25
d929b838: folds
de447c21: folds
ea5ab571: folds
Hero: folds
2ffa5376: folds
Uncalled bet ($0.15) returned to a27fb65b
*** SHOWDOWN ***
a27fb65b collected $0.25 from pot
*** SUMMARY ***
Total pot $0.25 | Rake $0 | Jackpot $0 | Bingo $0 | Fortune $0
Seat 1: ea5ab571 (button) folded before Flop (didn't bet)
Seat 2: Hero (small blind) folded before Flop
Seat 3: 2ffa5376 (big blind) folded before Flop
Seat 4: a27fb65b collected ($0.25)
Seat 5: d929b838 folded before Flop (didn't bet)
Seat 6: de447c21 folded before Flop (didn't bet)


Poker Hand #RC1468746287: Hold'em No Limit  ($0.05/$0.1) - 2023/04/12 22:34:36
Table 'RushAndCash5691547' 6-max Seat #1 is the button
Seat 1: 47719c19 ($7.14 in chips)
Seat 2: bec03f7 ($20.15 in chips)
Seat 3: Hero ($8.83 in chips)
Seat 4: dac90093 ($10.44 in chips)
Seat 5: c9c743d2 ($10.05 in chips)
Seat 6: de447c21 ($25.85 in chips)
bec03f7: posts small blind $0.05
Hero: posts big blind $0.1
*** HOLE CARDS ***
Dealt to 47719c19 
Dealt to bec03f7 
Dealt to Hero [Ad 2d]
Dealt to dac90093 
Dealt to c9c743d2 
Dealt to de447c21 
dac90093: folds
c9c743d2: folds
de447c21: raises $0.15 to $0.25
47719c19: calls $0.25
bec03f7: folds
Hero: calls $0.15
*** FLOP *** [9h Kh 2s]
Hero: checks
de447c21: bets $0.5
47719c19: folds
Hero: folds
Uncalled bet ($0.5) returned to de447c21
*** SHOWDOWN ***
de447c21 collected $0.76 from pot
*** SUMMARY ***
Total pot $0.8 | Rake $0.04 | Jackpot $0 | Bingo $0 | Fortune $0
Board [9h Kh 2s]
Seat 1: 47719c19 (button) folded on the Flop
Seat 2: bec03f7 (small blind) folded before Flop
Seat 3: Hero (big blind) folded on the Flop
Seat 4: dac90093 folded before Flop (didn't bet)
Seat 5: c9c743d2 folded before Flop (didn't bet)
Seat 6: de447c21 won ($0.76)


Poker Hand #RC1468746259: Hold'em No Limit  ($0.05/$0.1) - 2023/04/12 22:34:31
Table 'RushAndCash5691519' 6-max Seat #1 is the button
Seat 1: 23e2319 ($10.67 in chips)
Seat 2: 2654078e ($10 in chips)
Seat 3: 7e77947 ($50.71 in chips)
Seat 4: f58a46db ($37.2 in chips)
Seat 5: 5ee66052 ($16.77 in chips)
Seat 6: Hero ($8.83 in chips)
2654078e: posts small blind $0.05
7e77947: posts big blind $0.1
*** HOLE CARDS ***
Dealt to 23e2319 
Dealt to 2654078e 
Dealt to 7e77947 
Dealt to f58a46db 
Dealt to 5ee66052 
Dealt to Hero [3s Ad]
f58a46db: folds
5ee66052: folds
Hero: folds
23e2319: folds
2654078e: folds
Uncalled bet ($0.05) returned to 7e77947
*** SHOWDOWN ***
7e77947 collected $0.1 from pot
*** SUMMARY ***
Total pot $0.1 | Rake $0 | Jackpot $0 | Bingo $0 | Fortune $0
Seat 1: 23e2319 (button) folded before Flop (didn't bet)
Seat 2: 2654078e (small blind) folded before Flop
Seat 3: 7e77947 (big blind) collected ($0.1)
Seat 4: f58a46db folded before Flop (didn't bet)
Seat 5: 5ee66052 folded before Flop (didn't bet)
Seat 6: Hero folded before Flop (didn't bet)


Poker Hand #RC1468746182: Hold'em No Limit  ($0.05/$0.1) - 2023/04/12 22:34:15
Table 'RushAndCash5691442' 6-max Seat #1 is the button
Seat 1: e5860e1e ($9.85 in chips)
Seat 2: f500c3c7 ($30.52 in chips)
Seat 3: 65d63273 ($10.39 in chips)
Seat 4: f52f2ead ($43.19 in chips)
Seat 5: e890c622 ($27.57 in chips)
Seat 6: Hero ($8.83 in chips)
f500c3c7: posts small blind $0.05
65d63273: posts big blind $0.1
*** HOLE CARDS ***
Dealt to e5860e1e 
Dealt to f500c3c7 
Dealt to 65d63273 
Dealt to f52f2ead 
Dealt to e890c622 
Dealt to Hero [5s Ad]
f52f2ead: raises $0.19 to $0.29
e890c622: folds
Hero: folds
e5860e1e: calls $0.29
f500c3c7: calls $0.24
65d63273: folds
*** FLOP *** [Td 8s As]
f500c3c7: checks
f52f2ead: checks
e5860e1e: bets $0.49
f500c3c7: folds
f52f2ead: folds
Uncalled bet ($0.49) returned to e5860e1e
*** SHOWDOWN ***
e5860e1e collected $0.93 from pot
*** SUMMARY ***
Total pot $0.97 | Rake $0.04 | Jackpot $0 | Bingo $0 | Fortune $0
Board [Td 8s As]
Seat 1: e5860e1e (button) won ($0.93)
Seat 2: f500c3c7 (small blind) folded on the Flop
Seat 3: 65d63273 (big blind) folded before Flop
Seat 4: f52f2ead folded on the Flop
Seat 5: e890c622 folded before Flop (didn't bet)
Seat 6: Hero folded before Flop (didn't bet)


Poker Hand #RC1468746114: Hold'em No Limit  ($0.05/$0.1) - 2023/04/12 22:34:02
Table 'RushAndCash5691374' 6-max Seat #1 is the button
Seat 1: c8a11748 ($3.43 in chips)
Seat 2: 320ca354 ($12.84 in chips)
Seat 3: e5860e1e ($10 in chips)
Seat 4: 67d2d0bc ($11.48 in chips)
Seat 5: Hero ($8.83 in chips)
Seat 6: fa329171 ($10.33 in chips)
320ca354: posts small blind $0.05
e5860e1e: posts big blind $0.1
*** HOLE CARDS ***
Dealt to c8a11748 
Dealt to 320ca354 
Dealt to e5860e1e 
Dealt to 67d2d0bc 
Dealt to Hero [5d Kc]
Dealt to fa329171 
67d2d0bc: folds
Hero: folds
fa329171: folds
c8a11748: folds
320ca354: folds
Uncalled bet ($0.05) returned to e5860e1e
*** SHOWDOWN ***
e5860e1e collected $0.1 from pot
*** SUMMARY ***
Total pot $0.1 | Rake $0 | Jackpot $0 | Bingo $0 | Fortune $0
Seat 1: c8a11748 (button) folded before Flop (didn't bet)
Seat 2: 320ca354 (small blind) folded before Flop
Seat 3: e5860e1e (big blind) collected ($0.1)
Seat 4: 67d2d0bc folded before Flop (didn't bet)
Seat 5: Hero folded before Flop (didn't bet)
Seat 6: fa329171 folded before Flop (didn't bet)


Poker Hand #RC1468745734: Hold'em No Limit  ($0.05/$0.1) - 2023/04/12 22:32:46
Table 'RushAndCash5690994' 6-max Seat #1 is the button
Seat 1: Hero ($11.7 in chips)
Seat 2: 32eb1b79 ($10 in chips)
Seat 3: 320ca354 ($10.35 in chips)
Seat 4: d9aa6cd0 ($8.89 in chips)
Seat 5: 7a20f18a ($6.76 in chips)
Seat 6: f474f16 ($10.14 in chips)
32eb1b79: posts small blind $0.05
320ca354: posts big blind $0.1
*** HOLE CARDS ***
Dealt to Hero [Kh 9h]
Dealt to 32eb1b79 
Dealt to 320ca354 
Dealt to d9aa6cd0 
Dealt to 7a20f18a 
Dealt to f474f16 
d9aa6cd0: folds
7a20f18a: folds
f474f16: folds
Hero: raises $0.15 to $0.25
32eb1b79: folds
320ca354: raises $0.42 to $0.67
Hero: calls $0.42
*** FLOP *** [As Jh 6h]
320ca354: bets $0.46
Hero: calls $0.46
*** TURN *** [As Jh 6h] [8s]
320ca354: bets $1.74
Hero: calls $1.74
*** RIVER *** [As Jh 6h 8s] [9c]
320ca354: bets $7.48 and is all-in
Hero: folds
Uncalled bet ($7.48) returned to 320ca354
320ca354: shows [Ad Kd] (Pair of Aces)
*** SHOWDOWN ***
320ca354 collected $5.36 from pot
*** SUMMARY ***
Total pot $5.79 | Rake $0.28 | Jackpot $0.15 | Bingo $0 | Fortune $0
Board [As Jh 6h 8s 9c]
Seat 1: Hero (button) folded on the River
Seat 2: 32eb1b79 (small blind) folded before Flop
Seat 3: 320ca354 (big blind) showed [Ad Kd] and won ($5.36) with Pair of Aces
Seat 4: d9aa6cd0 folded before Flop (didn't bet)
Seat 5: 7a20f18a folded before Flop (didn't bet)
Seat 6: f474f16 folded before Flop (didn't bet)


Poker Hand #RC1468745685: Hold'em No Limit  ($0.05/$0.1) - 2023/04/12 22:32:36
Table 'RushAndCash5690945' 6-max Seat #1 is the button
Seat 1: 48e4b316 ($26.68 in chips)
Seat 2: Hero ($11.75 in chips)
Seat 3: 972258d6 ($34.66 in chips)
Seat 4: aead5c46 ($11.68 in chips)
Seat 5: 9ab74402 ($11.82 in chips)
Seat 6: d60cebbf ($10.32 in chips)
Hero: posts small blind $0.05
972258d6: posts big blind $0.1
*** HOLE CARDS ***
Dealt to 48e4b316 
Dealt to Hero [9h 7c]
Dealt to 972258d6 
Dealt to aead5c46 
Dealt to 9ab74402 
Dealt to d60cebbf 
aead5c46: folds
9ab74402: folds
d60cebbf: folds
48e4b316: folds
Hero: folds
Uncalled bet ($0.05) returned to 972258d6
*** SHOWDOWN ***
972258d6 collected $0.1 from pot
*** SUMMARY ***
Total pot $0.1 | Rake $0 | Jackpot $0 | Bingo $0 | Fortune $0
Seat 1: 48e4b316 (button) folded before Flop (didn't bet)
Seat 2: Hero (small blind) folded before Flop
Seat 3: 972258d6 (big blind) collected ($0.1)
Seat 4: aead5c46 folded before Flop (didn't bet)
Seat 5: 9ab74402 folded before Flop (didn't bet)
Seat 6: d60cebbf folded before Flop (didn't bet)


Poker Hand #RC1468745530: Hold'em No Limit  ($0.05/$0.1) - 2023/04/12 22:32:07
Table 'RushAndCash5690790' 6-max Seat #1 is the button
Seat 1: 77599d85 ($20.34 in chips)
Seat 2: 6083a527 ($14.5 in chips)
Seat 3: Hero ($11.47 in chips)
Seat 4: c4bb24df ($10.12 in chips)
Seat 5: 4f7b5711 ($10.12 in chips)
Seat 6: 35050b88 ($12.86 in chips)
6083a527: posts small blind $0.05
Hero: posts big blind $0.1
*** HOLE CARDS ***
Dealt to 77599d85 
Dealt to 6083a527 
Dealt to Hero [8d 8h]
Dealt to c4bb24df 
Dealt to 4f7b5711 
Dealt to 35050b88 
c4bb24df: folds
4f7b5711: folds
35050b88: folds
77599d85: raises $0.15 to $0.25
6083a527: folds
Hero: raises $0.75 to $1
77599d85: folds
Uncalled bet ($0.75) returned to Hero
*** SHOWDOWN ***
Hero collected $0.53 from pot
*** SUMMARY ***
Total pot $0.55 | Rake $0.02 | Jackpot $0 | Bingo $0 | Fortune $0
Seat 1: 77599d85 (button) folded before Flop
Seat 2: 6083a527 (small blind) folded before Flop
Seat 3: Hero (big blind) collected ($0.53)
Seat 4: c4bb24df folded before Flop (didn't bet)
Seat 5: 4f7b5711 folded before Flop (didn't bet)
Seat 6: 35050b88 folded before Flop (didn't bet)


Poker Hand #RC1468745506: Hold'em No Limit  ($0.05/$0.1) - 2023/04/12 22:32:03
Table 'RushAndCash5690766' 6-max Seat #1 is the button
Seat 1: c9c743d2 ($10.28 in chips)
Seat 2: 43f3f949 ($17.99 in chips)
Seat 3: bf5d5634 ($14.64 in chips)
Seat 4: Hero ($11.47 in chips)
Seat 5: 3d571dc7 ($10.44 in chips)
Seat 6: 35050b88 ($12.86 in chips)
43f3f949: posts small blind $0.05
bf5d5634: posts big blind $0.1
*** HOLE CARDS ***
Dealt to c9c743d2 
Dealt to 43f3f949 
Dealt to bf5d5634 
Dealt to Hero [8c 6c]
Dealt to 3d571dc7 
Dealt to 35050b88 
Hero: folds
3d571dc7: raises $0.2 to $0.3
35050b88: folds
c9c743d2: folds
43f3f949: folds
bf5d5634: folds
Uncalled bet ($0.2) returned to 3d571dc7
*** SHOWDOWN ***
3d571dc7 collected $0.25 from pot
*** SUMMARY ***
Total pot $0.25 | Rake $0 | Jackpot $0 | Bingo $0 | Fortune $0
Seat 1: c9c743d2 (button) folded before Flop (didn't bet)
Seat 2: 43f3f949 (small blind) folded before Flop
Seat 3: bf5d5634 (big blind) folded before Flop
Seat 4: Hero folded before Flop (didn't bet)
Seat 5: 3d571dc7 collected ($0.25)
Seat 6: 35050b88 folded before Flop (didn't bet)


Poker Hand #RC1468745473: Hold'em No Limit  ($0.05/$0.1) - 2023/04/12 22:31:58
Table 'RushAndCash5690733' 6-max Seat #1 is the button
Seat 1: 76bdc7e1 ($10.99 in chips)
Seat 2: 4a502d51 ($20.71 in chips)
Seat 3: 27c922fe ($27.12 in chips)
Seat 4: Hero ($11.47 in chips)
Seat 5: bec03f7 ($19.73 in chips)
Seat 6: c31768b8 ($46.82 in chips)
4a502d51: posts small blind $0.05
27c922fe: posts big blind $0.1
*** HOLE CARDS ***
Dealt to 76bdc7e1 
Dealt to 4a502d51 
Dealt to 27c922fe 
Dealt to Hero [Th 5d]
Dealt to bec03f7 
Dealt to c31768b8 
Hero: folds
bec03f7: folds
c31768b8: raises $0.2 to $0.3
76bdc7e1: folds
4a502d51: folds
27c922fe: folds
Uncalled bet ($0.2) returned to c31768b8
*** SHOWDOWN ***
c31768b8 collected $0.25 from pot
*** SUMMARY ***
Total pot $0.25 | Rake $0 | Jackpot $0 | Bingo $0 | Fortune $0
Seat 1: 76bdc7e1 (button) folded before Flop (didn't bet)
Seat 2: 4a502d51 (small blind) folded before Flop
Seat 3: 27c922fe (big blind) folded before Flop
Seat 4: Hero folded before Flop (didn't bet)
Seat 5: bec03f7 folded before Flop (didn't bet)
Seat 6: c31768b8 collected ($0.25)


Poker Hand #RC1468745449: Hold'em No Limit  ($0.05/$0.1) - 2023/04/12 22:31:53
Table 'RushAndCash5690709' 6-max Seat #1 is the button
Seat 1: 55e4b23e ($5.52 in chips)
Seat 2: 1fea327c ($14.56 in chips)
Seat 3: dac90093 ($13.89 in chips)
Seat 4: 8e6a7c26 ($11.32 in chips)
Seat 5: Hero ($11.47 in chips)
Seat 6: a9434cb7 ($11.88 in chips)
1fea327c: posts small blind $0.05
dac90093: posts big blind $0.1
*** HOLE CARDS ***
Dealt to 55e4b23e 
Dealt to 1fea327c 
Dealt to dac90093 
Dealt to 8e6a7c26 
Dealt to Hero [3s 3c]
Dealt to a9434cb7 
8e6a7c26: folds
Hero: folds
a9434cb7: raises $0.3 to $0.4
55e4b23e: raises $0.95 to $1.35
1fea327c: folds
dac90093: raises $1.75 to $3.1
a9434cb7: raises $8.78 to $11.88 and is all-in
55e4b23e: calls $4.17 and is all-in
dac90093: folds
Uncalled bet ($6.36) returned to a9434cb7
a9434cb7: shows [Kh Ks]
55e4b23e: shows [Jh Jc]
*** FIRST FLOP *** [5h 6s 6c]
*** FIRST TURN *** [5h 6s 6c] [Tc]
*** FIRST RIVER *** [5h 6s 6c Tc] [2h]
*** SECOND FLOP *** [7s 5d 3d]
*** SECOND TURN *** [7s 5d 3d] [9c]
*** SECOND RIVER *** [7s 5d 3d 9c] [Qd]
*** FIRST SHOWDOWN ***
a9434cb7 collected $6.87 from pot
*** SECOND SHOWDOWN ***
a9434cb7 collected $6.87 from pot
*** SUMMARY ***
Total pot $14.19 | Rake $0.3 | Jackpot $0.15 | Bingo $0 | Fortune $0
Hand was run two times
FIRST Board [5h 6s 6c Tc 2h]
SECOND Board [7s 5d 3d 9c Qd]
Seat 1: 55e4b23e (button) showed [Jh Jc] and lost with Pair of Jacks and Pair of Sixes, and lost with Pair of Jacks
Seat 2: 1fea327c (small blind) folded before Flop
Seat 3: dac90093 (big blind) folded before Flop
Seat 4: 8e6a7c26 folded before Flop (didn't bet)
Seat 5: Hero folded before Flop (didn't bet)
Seat 6: a9434cb7 showed [Kh Ks] and won ($6.87) with Pair of Kings and Pair of Sixes, and won ($6.87) with Pair of Kings


Poker Hand #RC1468745422: Hold'em No Limit  ($0.05/$0.1) - 2023/04/12 22:31:48
Table 'RushAndCash5690682' 6-max Seat #1 is the button
Seat 1: d11fc2b2 ($10.96 in chips)
Seat 2: 2121db44 ($17.03 in chips)
Seat 3: f9b6451f ($10.15 in chips)
Seat 4: b5c7f7f ($26.15 in chips)
Seat 5: 7e77947 ($49.58 in chips)
Seat 6: Hero ($11.47 in chips)
2121db44: posts small blind $0.05
f9b6451f: posts big blind $0.1
*** HOLE CARDS ***
Dealt to d11fc2b2 
Dealt to 2121db44 
Dealt to f9b6451f 
Dealt to b5c7f7f 
Dealt to 7e77947 
Dealt to Hero [4d 2s]
b5c7f7f: folds
7e77947: folds
Hero: folds
d11fc2b2: raises $0.15 to $0.25
2121db44: folds
f9b6451f: raises $0.75 to $1
d11fc2b2: calls $0.75
*** FLOP *** [9s Kd 9d]
f9b6451f: checks
d11fc2b2: checks
*** TURN *** [9s Kd 9d] [2h]
f9b6451f: bets $0.64
d11fc2b2: calls $0.64
*** RIVER *** [9s Kd 9d 2h] [7c]
f9b6451f: bets $1.1
d11fc2b2: calls $1.1
f9b6451f: shows [Qc Qh] (Pair of Queens and Pair of Nines)
d11fc2b2: shows [Jd Jh] (Pair of Jacks and Pair of Nines)
*** SHOWDOWN ***
f9b6451f collected $5.12 from pot
*** SUMMARY ***
Total pot $5.53 | Rake $0.26 | Jackpot $0.15 | Bingo $0 | Fortune $0
Board [9s Kd 9d 2h 7c]
Seat 1: d11fc2b2 (button) showed [Jd Jh] and lost with Pair of Jacks and Pair of Nines
Seat 2: 2121db44 (small blind) folded before Flop
Seat 3: f9b6451f (big blind) showed [Qc Qh] and won ($5.12) with Pair of Queens and Pair of Nines
Seat 4: b5c7f7f folded before Flop (didn't bet)
Seat 5: 7e77947 folded before Flop (didn't bet)
Seat 6: Hero folded before Flop (didn't bet)


Poker Hand #RC1468745356: Hold'em No Limit  ($0.05/$0.1) - 2023/04/12 22:31:33
Table 'RushAndCash5690616' 6-max Seat #1 is the button
Seat 1: 2e3ce855 ($8.35 in chips)
Seat 2: f04255a2 ($10.25 in chips)
Seat 3: Hero ($11.57 in chips)
Seat 4: 6e26c001 ($9.6 in chips)
Seat 5: 617d7e92 ($13.03 in chips)
Seat 6: 3d571dc7 ($10.49 in chips)
f04255a2: posts small blind $0.05
Hero: posts big blind $0.1
*** HOLE CARDS ***
Dealt to 2e3ce855 
Dealt to f04255a2 
Dealt to Hero [7d Kh]
Dealt to 6e26c001 
Dealt to 617d7e92 
Dealt to 3d571dc7 
6e26c001: raises $0.12 to $0.22
617d7e92: folds
3d571dc7: folds
2e3ce855: folds
f04255a2: folds
Hero: folds
Uncalled bet ($0.12) returned to 6e26c001
*** SHOWDOWN ***
6e26c001 collected $0.25 from pot
*** SUMMARY ***
Total pot $0.25 | Rake $0 | Jackpot $0 | Bingo $0 | Fortune $0
Seat 1: 2e3ce855 (button) folded before Flop (didn't bet)
Seat 2: f04255a2 (small blind) folded before Flop
Seat 3: Hero (big blind) folded before Flop
Seat 4: 6e26c001 collected ($0.25)
Seat 5: 617d7e92 folded before Flop (didn't bet)
Seat 6: 3d571dc7 folded before Flop (didn't bet)


Poker Hand #RC1468745295: Hold'em No Limit  ($0.05/$0.1) - 2023/04/12 22:31:22
Table 'RushAndCash5690555' 6-max Seat #1 is the button
Seat 1: 201c118d ($8.91 in chips)
Seat 2: Hero ($11.62 in chips)
Seat 3: e95964e3 ($10.15 in chips)
Seat 4: aaa3f41c ($13.58 in chips)
Seat 5: 85b7299e ($25.52 in chips)
Seat 6: a03059f6 ($9.6 in chips)
Hero: posts small blind $0.05
e95964e3: posts big blind $0.1
*** HOLE CARDS ***
Dealt to 201c118d 
Dealt to Hero [Qd 9s]
Dealt to e95964e3 
Dealt to aaa3f41c 
Dealt to 85b7299e 
Dealt to a03059f6 
aaa3f41c: folds
85b7299e: raises $0.13 to $0.23
a03059f6: folds
201c118d: folds
Hero: folds
e95964e3: folds
Uncalled bet ($0.13) returned to 85b7299e
*** SHOWDOWN ***
85b7299e collected $0.25 from pot
*** SUMMARY ***
Total pot $0.25 | Rake $0 | Jackpot $0 | Bingo $0 | Fortune $0
Seat 1: 201c118d (button) folded before Flop (didn't bet)
Seat 2: Hero (small blind) folded before Flop
Seat 3: e95964e3 (big blind) folded before Flop
Seat 4: aaa3f41c folded before Flop (didn't bet)
Seat 5: 85b7299e collected ($0.25)
Seat 6: a03059f6 folded before Flop (didn't bet)


Poker Hand #RC1468745264: Hold'em No Limit  ($0.05/$0.1) - 2023/04/12 22:31:15
Table 'RushAndCash5690524' 6-max Seat #1 is the button
Seat 1: Hero ($11.62 in chips)
Seat 2: 1c0a8ad7 ($10 in chips)
Seat 3: 56040a95 ($11.53 in chips)
Seat 4: 5169ce8c ($14.69 in chips)
Seat 5: d929b838 ($10.28 in chips)
Seat 6: 67d2d0bc ($11.33 in chips)
1c0a8ad7: posts small blind $0.05
56040a95: posts big blind $0.1
*** HOLE CARDS ***
Dealt to Hero [3d Kh]
Dealt to 1c0a8ad7 
Dealt to 56040a95 
Dealt to 5169ce8c 
Dealt to d929b838 
Dealt to 67d2d0bc 
5169ce8c: folds
d929b838: folds
67d2d0bc: folds
Hero: folds
1c0a8ad7: folds
Uncalled bet ($0.05) returned to 56040a95
*** SHOWDOWN ***
56040a95 collected $0.1 from pot
*** SUMMARY ***
Total pot $0.1 | Rake $0 | Jackpot $0 | Bingo $0 | Fortune $0
Seat 1: Hero (button) folded before Flop (didn't bet)
Seat 2: 1c0a8ad7 (small blind) folded before Flop
Seat 3: 56040a95 (big blind) collected ($0.1)
Seat 4: 5169ce8c folded before Flop (didn't bet)
Seat 5: d929b838 folded before Flop (didn't bet)
Seat 6: 67d2d0bc folded before Flop (didn't bet)


Poker Hand #RC1468745209: Hold'em No Limit  ($0.05/$0.1) - 2023/04/12 22:31:03
Table 'RushAndCash5690469' 6-max Seat #1 is the button
Seat 1: 58e57b33 ($15.6 in chips)
Seat 2: 5ee66052 ($16.17 in chips)
Seat 3: b5c7f7f ($26.3 in chips)
Seat 4: 6083a527 ($14.3 in chips)
Seat 5: Hero ($11.62 in chips)
Seat 6: a618f224 ($10.2 in chips)
5ee66052: posts small blind $0.05
b5c7f7f: posts big blind $0.1
*** HOLE CARDS ***
Dealt to 58e57b33 
Dealt to 5ee66052 
Dealt to b5c7f7f 
Dealt to 6083a527 
Dealt to Hero [2d 4s]
Dealt to a618f224 
6083a527: folds
Hero: folds
a618f224: folds
58e57b33: raises $0.1 to $0.2
5ee66052: folds
b5c7f7f: folds
Uncalled bet ($0.1) returned to 58e57b33
*** SHOWDOWN ***
58e57b33 collected $0.25 from pot
*** SUMMARY ***
Total pot $0.25 | Rake $0 | Jackpot $0 | Bingo $0 | Fortune $0
Seat 1: 58e57b33 (button) collected ($0.25)
Seat 2: 5ee66052 (small blind) folded before Flop
Seat 3: b5c7f7f (big blind) folded before Flop
Seat 4: 6083a527 folded before Flop (didn't bet)
Seat 5: Hero folded before Flop (didn't bet)
Seat 6: a618f224 folded before Flop (didn't bet)


Poker Hand #RC1468745189: Hold'em No Limit  ($0.05/$0.1) - 2023/04/12 22:30:59
Table 'RushAndCash5690449' 6-max Seat #1 is the button
Seat 1: 7d6041fb ($10 in chips)
Seat 2: aa990d88 ($19.06 in chips)
Seat 3: bec03f7 ($20.18 in chips)
Seat 4: Hero ($11.62 in chips)
Seat 5: b064cc74 ($14.56 in chips)
Seat 6: 5ee66052 ($16.17 in chips)
aa990d88: posts small blind $0.05
bec03f7: posts big blind $0.1
*** HOLE CARDS ***
Dealt to 7d6041fb 
Dealt to aa990d88 
Dealt to bec03f7 
Dealt to Hero [Jd 2s]
Dealt to b064cc74 
Dealt to 5ee66052 
Hero: folds
b064cc74: raises $0.15 to $0.25
5ee66052: folds
7d6041fb: calls $0.25
aa990d88: folds
bec03f7: folds
*** FLOP *** [Jc 3s 5s]
b064cc74: checks
7d6041fb: checks
*** TURN *** [Jc 3s 5s] [9s]
b064cc74: checks
7d6041fb: checks
*** RIVER *** [Jc 3s 5s 9s] [8s]
b064cc74: checks
7d6041fb: checks
b064cc74: shows [Qc Kc] (King-High)
7d6041fb: shows [4h 4s] (Nine High Flush)
*** SHOWDOWN ***
7d6041fb collected $0.62 from pot
*** SUMMARY ***
Total pot $0.65 | Rake $0.03 | Jackpot $0 | Bingo $0 | Fortune $0
Board [Jc 3s 5s 9s 8s]
Seat 1: 7d6041fb (button) showed [4h 4s] and won ($0.62) with Nine High Flush
Seat 2: aa990d88 (small blind) folded before Flop
Seat 3: bec03f7 (big blind) folded before Flop
Seat 4: Hero folded before Flop (didn't bet)
Seat 5: b064cc74 showed [Qc Kc] and lost with King-High
Seat 6: 5ee66052 folded before Flop (didn't bet)


Poker Hand #RC1468745164: Hold'em No Limit  ($0.05/$0.1) - 2023/04/12 22:30:54
Table 'RushAndCash5690424' 6-max Seat #1 is the button
Seat 1: d9aebdc4 ($11.27 in chips)
Seat 2: Hero ($11.67 in chips)
Seat 3: c8609f36 ($14.2 in chips)
Seat 4: 73d4e137 ($10 in chips)
Seat 5: 455c5767 ($12.66 in chips)
Seat 6: 1ae7786f ($8.05 in chips)
Hero: posts small blind $0.05
c8609f36: posts big blind $0.1
*** HOLE CARDS ***
Dealt to d9aebdc4 
Dealt to Hero [4s Jc]
Dealt to c8609f36 
Dealt to 73d4e137 
Dealt to 455c5767 
Dealt to 1ae7786f 
73d4e137: folds
455c5767: folds
1ae7786f: folds
d9aebdc4: folds
Hero: folds
Uncalled bet ($0.05) returned to c8609f36
*** SHOWDOWN ***
c8609f36 collected $0.1 from pot
*** SUMMARY ***
Total pot $0.1 | Rake $0 | Jackpot $0 | Bingo $0 | Fortune $0
Seat 1: d9aebdc4 (button) folded before Flop (didn't bet)
Seat 2: Hero (small blind) folded before Flop
Seat 3: c8609f36 (big blind) collected ($0.1)
Seat 4: 73d4e137 folded before Flop (didn't bet)
Seat 5: 455c5767 folded before Flop (didn't bet)
Seat 6: 1ae7786f folded before Flop (didn't bet)


Poker Hand #RC1468745128: Hold'em No Limit  ($0.05/$0.1) - 2023/04/12 22:30:46
Table 'RushAndCash5690388' 6-max Seat #1 is the button
Seat 1: Hero ($11.67 in chips)
Seat 2: 75705cf ($9.6 in chips)
Seat 3: 67d2d0bc ($11.48 in chips)
Seat 4: c85a66a2 ($16.54 in chips)
Seat 5: 39fc5126 ($10.88 in chips)
Seat 6: de447c21 ($17.02 in chips)
75705cf: posts small blind $0.05
67d2d0bc: posts big blind $0.1
*** HOLE CARDS ***
Dealt to Hero [Jh 3h]
Dealt to 75705cf 
Dealt to 67d2d0bc 
Dealt to c85a66a2 
Dealt to 39fc5126 
Dealt to de447c21 
c85a66a2: folds
39fc5126: folds
de447c21: raises $0.15 to $0.25
Hero: folds
75705cf: folds
67d2d0bc: folds
Uncalled bet ($0.15) returned to de447c21
*** SHOWDOWN ***
de447c21 collected $0.25 from pot
*** SUMMARY ***
Total pot $0.25 | Rake $0 | Jackpot $0 | Bingo $0 | Fortune $0
Seat 1: Hero (button) folded before Flop (didn't bet)
Seat 2: 75705cf (small blind) folded before Flop
Seat 3: 67d2d0bc (big blind) folded before Flop
Seat 4: c85a66a2 folded before Flop (didn't bet)
Seat 5: 39fc5126 folded before Flop (didn't bet)
Seat 6: de447c21 collected ($0.25)


Poker Hand #RC1468745079: Hold'em No Limit  ($0.05/$0.1) - 2023/04/12 22:30:37
Table 'RushAndCash5690339' 6-max Seat #1 is the button
Seat 1: a9a4f49a ($9.38 in chips)
Seat 2: 59ba9529 ($19.68 in chips)
Seat 3: Hero ($11.77 in chips)
Seat 4: b3bc1449 ($12.33 in chips)
Seat 5: ec721ea3 ($10.15 in chips)
Seat 6: c804f3f3 ($10.12 in chips)
59ba9529: posts small blind $0.05
Hero: posts big blind $0.1
*** HOLE CARDS ***
Dealt to a9a4f49a 
Dealt to 59ba9529 
Dealt to Hero [9h 6c]
Dealt to b3bc1449 
Dealt to ec721ea3 
Dealt to c804f3f3 
b3bc1449: raises $0.15 to $0.25
ec721ea3: folds
c804f3f3: folds
a9a4f49a: folds
59ba9529: folds
Hero: folds
Uncalled bet ($0.15) returned to b3bc1449
*** SHOWDOWN ***
b3bc1449 collected $0.25 from pot
*** SUMMARY ***
Total pot $0.25 | Rake $0 | Jackpot $0 | Bingo $0 | Fortune $0
Seat 1: a9a4f49a (button) folded before Flop (didn't bet)
Seat 2: 59ba9529 (small blind) folded before Flop
Seat 3: Hero (big blind) folded before Flop
Seat 4: b3bc1449 collected ($0.25)
Seat 5: ec721ea3 folded before Flop (didn't bet)
Seat 6: c804f3f3 folded before Flop (didn't bet)


Poker Hand #RC1468744960: Hold'em No Limit  ($0.05/$0.1) - 2023/04/12 22:30:13
Table 'RushAndCash5690220' 6-max Seat #1 is the button
Seat 1: ee50cc3f ($10 in chips)
Seat 2: b3bc1449 ($12.01 in chips)
Seat 3: 197f65c6 ($28.21 in chips)
Seat 4: Hero ($12.02 in chips)
Seat 5: c1175b63 ($10 in chips)
Seat 6: 12474e3e ($31.12 in chips)
b3bc1449: posts small blind $0.05
197f65c6: posts big blind $0.1
*** HOLE CARDS ***
Dealt to ee50cc3f 
Dealt to b3bc1449 
Dealt to 197f65c6 
Dealt to Hero [Td As]
Dealt to c1175b63 
Dealt to 12474e3e 
Hero: raises $0.15 to $0.25
c1175b63: folds
12474e3e: folds
ee50cc3f: folds
b3bc1449: raises $0.75 to $1
197f65c6: folds
Hero: folds
Uncalled bet ($0.75) returned to b3bc1449
*** SHOWDOWN ***
b3bc1449 collected $0.57 from pot
*** SUMMARY ***
Total pot $0.6 | Rake $0.03 | Jackpot $0 | Bingo $0 | Fortune $0
Seat 1: ee50cc3f (button) folded before Flop (didn't bet)
Seat 2: b3bc1449 (small blind) collected ($0.57)
Seat 3: 197f65c6 (big blind) folded before Flop
Seat 4: Hero folded before Flop
Seat 5: c1175b63 folded before Flop (didn't bet)
Seat 6: 12474e3e folded before Flop (didn't bet)


Poker Hand #RC1468744927: Hold'em No Limit  ($0.05/$0.1) - 2023/04/12 22:30:07
Table 'RushAndCash5690187' 6-max Seat #1 is the button
Seat 1: c9c743d2 ($10 in chips)
Seat 2: 9105eae6 ($10.1 in chips)
Seat 3: b7b66d07 ($16.57 in chips)
Seat 4: Hero ($12.02 in chips)
Seat 5: 563ef301 ($10.32 in chips)
Seat 6: 2edb5078 ($10.44 in chips)
9105eae6: posts small blind $0.05
b7b66d07: posts big blind $0.1
*** HOLE CARDS ***
Dealt to c9c743d2 
Dealt to 9105eae6 
Dealt to b7b66d07 
Dealt to Hero [Ks 9c]
Dealt to 563ef301 
Dealt to 2edb5078 
Hero: folds
563ef301: folds
2edb5078: folds
c9c743d2: folds
9105eae6: raises $0.2 to $0.3
b7b66d07: raises $0.7 to $1
9105eae6: calls $0.7
*** FLOP *** [2c 2d Jh]
9105eae6: checks
b7b66d07: bets $0.68
9105eae6: calls $0.68
*** TURN *** [2c 2d Jh] [8c]
9105eae6: checks
b7b66d07: bets $1.5
9105eae6: calls $1.5
*** RIVER *** [2c 2d Jh 8c] [4d]
9105eae6: checks
b7b66d07: bets $13.39 and is all-in
9105eae6: calls $6.92 and is all-in
Uncalled bet ($6.47) returned to b7b66d07
b7b66d07: shows [Ac Ad] (Pair of Aces and Pair of Twos)
9105eae6: shows [8d 8h] (Eights Full over Twos)
*** SHOWDOWN ***
9105eae6 collected $19.75 from pot
*** SUMMARY ***
Total pot $20.2 | Rake $0.3 | Jackpot $0.15 | Bingo $0 | Fortune $0
Board [2c 2d Jh 8c 4d]
Seat 1: c9c743d2 (button) folded before Flop (didn't bet)
Seat 2: 9105eae6 (small blind) showed [8d 8h] and won ($19.75) with Eights Full over Twos
Seat 3: b7b66d07 (big blind) showed [Ac Ad] and lost with Pair of Aces and Pair of Twos
Seat 4: Hero folded before Flop (didn't bet)
Seat 5: 563ef301 folded before Flop (didn't bet)
Seat 6: 2edb5078 folded before Flop (didn't bet)


Poker Hand #RC1468744896: Hold'em No Limit  ($0.05/$0.1) - 2023/04/12 22:30:02
Table 'RushAndCash5690156' 6-max Seat #1 is the button
Seat 1: daf3f907 ($16.93 in chips)
Seat 2: Hero ($12.07 in chips)
Seat 3: 35050b88 ($13.38 in chips)
Seat 4: 1bd3bc3d ($36.36 in chips)
Seat 5: a9a4f49a ($9.23 in chips)
Seat 6: f72f91bb ($9.85 in chips)
Hero: posts small blind $0.05
35050b88: posts big blind $0.1
*** HOLE CARDS ***
Dealt to daf3f907 
Dealt to Hero [4h 9s]
Dealt to 35050b88 
Dealt to 1bd3bc3d 
Dealt to a9a4f49a 
Dealt to f72f91bb 
1bd3bc3d: folds
a9a4f49a: folds
f72f91bb: folds
daf3f907: raises $0.12 to $0.22
Hero: folds
35050b88: calls $0.12
*** FLOP *** [Kc 8s 3s]
35050b88: checks
daf3f907: bets $0.17
35050b88: folds
Uncalled bet ($0.17) returned to daf3f907
*** SHOWDOWN ***
daf3f907 collected $0.47 from pot
*** SUMMARY ***
Total pot $0.49 | Rake $0.02 | Jackpot $0 | Bingo $0 | Fortune $0
Board [Kc 8s 3s]
Seat 1: daf3f907 (button) won ($0.47)
Seat 2: Hero (small blind) folded before Flop
Seat 3: 35050b88 (big blind) folded on the Flop
Seat 4: 1bd3bc3d folded before Flop (didn't bet)
Seat 5: a9a4f49a folded before Flop (didn't bet)
Seat 6: f72f91bb folded before Flop (didn't bet)


Poker Hand #RC1468714711: Hold'em No Limit  ($0.05/$0.1) - 2023/04/12 22:29:25
Table 'RushAndCash5689971' 6-max Seat #1 is the button
Seat 1: Hero ($12.31 in chips)
Seat 2: aec93083 ($10.64 in chips)
Seat 3: 2ab545f3 ($12.88 in chips)
Seat 4: daf3f907 ($16.57 in chips)
Seat 5: b80a6bb9 ($10.18 in chips)
Seat 6: 3822f2d6 ($21.44 in chips)
aec93083: posts small blind $0.05
2ab545f3: posts big blind $0.1
*** HOLE CARDS ***
Dealt to Hero [Ts Qs]
Dealt to aec93083 
Dealt to 2ab545f3 
Dealt to daf3f907 
Dealt to b80a6bb9 
Dealt to 3822f2d6 
daf3f907: raises $0.14 to $0.24
b80a6bb9: folds
3822f2d6: folds
Hero: calls $0.24
aec93083: folds
2ab545f3: folds
*** FLOP *** [Ad 6h Ac]
daf3f907: bets $0.21
Hero: folds
Uncalled bet ($0.21) returned to daf3f907
*** SHOWDOWN ***
daf3f907 collected $0.6 from pot
*** SUMMARY ***
Total pot $0.63 | Rake $0.03 | Jackpot $0 | Bingo $0 | Fortune $0
Board [Ad 6h Ac]
Seat 1: Hero (button) folded on the Flop
Seat 2: aec93083 (small blind) folded before Flop
Seat 3: 2ab545f3 (big blind) folded before Flop
Seat 4: daf3f907 won ($0.6)
Seat 5: b80a6bb9 folded before Flop (didn't bet)
Seat 6: 3822f2d6 folded before Flop (didn't bet)


Poker Hand #RC1468714626: Hold'em No Limit  ($0.05/$0.1) - 2023/04/12 22:29:07
Table 'RushAndCash5689886' 6-max Seat #1 is the button
Seat 1: 5ead13 ($17.98 in chips)
Seat 2: 1c0a8ad7 ($10.05 in chips)
Seat 3: Hero ($12.26 in chips)
Seat 4: 6f1033d ($7.32 in chips)
Seat 5: df61ae3b ($11.73 in chips)
Seat 6: d9aebdc4 ($11.82 in chips)
1c0a8ad7: posts small blind $0.05
Hero: posts big blind $0.1
*** HOLE CARDS ***
Dealt to 5ead13 
Dealt to 1c0a8ad7 
Dealt to Hero [Qc Ah]
Dealt to 6f1033d 
Dealt to df61ae3b 
Dealt to d9aebdc4 
6f1033d: folds
df61ae3b: folds
d9aebdc4: folds
5ead13: folds
1c0a8ad7: folds
Uncalled bet ($0.05) returned to Hero
*** SHOWDOWN ***
Hero collected $0.1 from pot
*** SUMMARY ***
Total pot $0.1 | Rake $0 | Jackpot $0 | Bingo $0 | Fortune $0
Seat 1: 5ead13 (button) folded before Flop (didn't bet)
Seat 2: 1c0a8ad7 (small blind) folded before Flop
Seat 3: Hero (big blind) collected ($0.1)
Seat 4: 6f1033d folded before Flop (didn't bet)
Seat 5: df61ae3b folded before Flop (didn't bet)
Seat 6: d9aebdc4 folded before Flop (didn't bet)


Poker Hand #RC1468714595: Hold'em No Limit  ($0.05/$0.1) - 2023/04/12 22:29:01
Table 'RushAndCash5689855' 6-max Seat #1 is the button
Seat 1: c0d53154 ($3.75 in chips)
Seat 2: a618f224 ($10.05 in chips)
Seat 3: 2f4efeea ($9.75 in chips)
Seat 4: dac90093 ($14.26 in chips)
Seat 5: Hero ($12.26 in chips)
Seat 6: 40a7ec7e ($19.89 in chips)
a618f224: posts small blind $0.05
2f4efeea: posts big blind $0.1
*** HOLE CARDS ***
Dealt to c0d53154 
Dealt to a618f224 
Dealt to 2f4efeea 
Dealt to dac90093 
Dealt to Hero [9d 6s]
Dealt to 40a7ec7e 
dac90093: folds
Hero: folds
40a7ec7e: folds
c0d53154: folds
a618f224: folds
Uncalled bet ($0.05) returned to 2f4efeea
*** SHOWDOWN ***
2f4efeea collected $0.1 from pot
*** SUMMARY ***
Total pot $0.1 | Rake $0 | Jackpot $0 | Bingo $0 | Fortune $0
Seat 1: c0d53154 (button) folded before Flop (didn't bet)
Seat 2: a618f224 (small blind) folded before Flop
Seat 3: 2f4efeea (big blind) collected ($0.1)
Seat 4: dac90093 folded before Flop (didn't bet)
Seat 5: Hero folded before Flop (didn't bet)
Seat 6: 40a7ec7e folded before Flop (didn't bet)


Poker Hand #RC1468714492: Hold'em No Limit  ($0.05/$0.1) - 2023/04/12 22:28:41
Table 'RushAndCash5689752' 6-max Seat #1 is the button
Seat 1: a77f7ca8 ($10.4 in chips)
Seat 2: ef92a608 ($10.98 in chips)
Seat 3: 5169ce8c ($12.34 in chips)
Seat 4: Hero ($12.11 in chips)
Seat 5: de81254b ($11.71 in chips)
Seat 6: 787a8614 ($19.98 in chips)
ef92a608: posts small blind $0.05
5169ce8c: posts big blind $0.1
*** HOLE CARDS ***
Dealt to a77f7ca8 
Dealt to ef92a608 
Dealt to 5169ce8c 
Dealt to Hero [4d Ad]
Dealt to de81254b 
Dealt to 787a8614 
Hero: raises $0.15 to $0.25
de81254b: folds
787a8614: folds
a77f7ca8: folds
ef92a608: folds
5169ce8c: folds
Uncalled bet ($0.15) returned to Hero
*** SHOWDOWN ***
Hero collected $0.25 from pot
*** SUMMARY ***
Total pot $0.25 | Rake $0 | Jackpot $0 | Bingo $0 | Fortune $0
Seat 1: a77f7ca8 (button) folded before Flop (didn't bet)
Seat 2: ef92a608 (small blind) folded before Flop
Seat 3: 5169ce8c (big blind) folded before Flop
Seat 4: Hero collected ($0.25)
Seat 5: de81254b folded before Flop (didn't bet)
Seat 6: 787a8614 folded before Flop (didn't bet)


Poker Hand #RC1468714471: Hold'em No Limit  ($0.05/$0.1) - 2023/04/12 22:28:35
Table 'RushAndCash5689731' 6-max Seat #1 is the button
Seat 1: 74b9252e ($10.15 in chips)
Seat 2: 57e050f1 ($10.45 in chips)
Seat 3: a7ab6ce5 ($14.14 in chips)
Seat 4: Hero ($11.96 in chips)
Seat 5: 5c52fe15 ($10 in chips)
Seat 6: af0b5ab4 ($10.53 in chips)
57e050f1: posts small blind $0.05
a7ab6ce5: posts big blind $0.1
*** HOLE CARDS ***
Dealt to 74b9252e 
Dealt to 57e050f1 
Dealt to a7ab6ce5 
Dealt to Hero [Kd 5h]
Dealt to 5c52fe15 
Dealt to af0b5ab4 
Hero: folds
5c52fe15: raises $0.12 to $0.22
af0b5ab4: folds
74b9252e: calls $0.22
57e050f1: folds
a7ab6ce5: calls $0.12
*** FLOP *** [8c 5c 6h]
a7ab6ce5: checks
5c52fe15: checks
74b9252e: bets $0.36
a7ab6ce5: calls $0.36
5c52fe15: calls $0.36
*** TURN *** [8c 5c 6h] [Ts]
a7ab6ce5: checks
5c52fe15: checks
74b9252e: checks
*** RIVER *** [8c 5c 6h Ts] [2h]
a7ab6ce5: checks
5c52fe15: checks
74b9252e: checks
a7ab6ce5: shows [Qd Ac] (Ace-High)
5c52fe15: shows [Kc Tc] (Pair of Tens)
74b9252e: shows [7s 6s] (Pair of Sixes)
*** SHOWDOWN ***
5c52fe15 collected $1.7 from pot
*** SUMMARY ***
Total pot $1.79 | Rake $0.09 | Jackpot $0 | Bingo $0 | Fortune $0
Board [8c 5c 6h Ts 2h]
Seat 1: 74b9252e (button) showed [7s 6s] and lost with Pair of Sixes
Seat 2: 57e050f1 (small blind) folded before Flop
Seat 3: a7ab6ce5 (big blind) showed [Qd Ac] and lost with Ace-High
Seat 4: Hero folded before Flop (didn't bet)
Seat 5: 5c52fe15 showed [Kc Tc] and won ($1.7) with Pair of Tens
Seat 6: af0b5ab4 folded before Flop (didn't bet)


Poker Hand #RC1468714435: Hold'em No Limit  ($0.05/$0.1) - 2023/04/12 22:28:29
Table 'RushAndCash5689695' 6-max Seat #1 is the button
Seat 1: 5c52fe15 ($10 in chips)
Seat 2: 2121db44 ($17.9 in chips)
Seat 3: bf03c365 ($10 in chips)
Seat 4: b9693421 ($35.09 in chips)
Seat 5: Hero ($11.96 in chips)
Seat 6: 58e57b33 ($14.18 in chips)
2121db44: posts small blind $0.05
bf03c365: posts big blind $0.1
*** HOLE CARDS ***
Dealt to 5c52fe15 
Dealt to 2121db44 
Dealt to bf03c365 
Dealt to b9693421 
Dealt to Hero [Ks Tc]
Dealt to 58e57b33 
b9693421: folds
Hero: folds
58e57b33: folds
5c52fe15: folds
2121db44: folds
Uncalled bet ($0.05) returned to bf03c365
*** SHOWDOWN ***
bf03c365 collected $0.1 from pot
*** SUMMARY ***
Total pot $0.1 | Rake $0 | Jackpot $0 | Bingo $0 | Fortune $0
Seat 1: 5c52fe15 (button) folded before Flop (didn't bet)
Seat 2: 2121db44 (small blind) folded before Flop
Seat 3: bf03c365 (big blind) collected ($0.1)
Seat 4: b9693421 folded before Flop (didn't bet)
Seat 5: Hero folded before Flop (didn't bet)
Seat 6: 58e57b33 folded before Flop (didn't bet)


Poker Hand #RC1468714409: Hold'em No Limit  ($0.05/$0.1) - 2023/04/12 22:28:25
Table 'RushAndCash5689669' 6-max Seat #1 is the button
Seat 1: e329a030 ($10 in chips)
Seat 2: fa56fdb4 ($9.82 in chips)
Seat 3: Hero ($12.06 in chips)
Seat 4: c4bff5cb ($9.65 in chips)
Seat 5: 9bc552bd ($14.69 in chips)
Seat 6: afece299 ($12.67 in chips)
fa56fdb4: posts small blind $0.05
Hero: posts big blind $0.1
*** HOLE CARDS ***
Dealt to e329a030 
Dealt to fa56fdb4 
Dealt to Hero [4h 6c]
Dealt to c4bff5cb 
Dealt to 9bc552bd 
Dealt to afece299 
c4bff5cb: folds
9bc552bd: folds
afece299: folds
e329a030: folds
fa56fdb4: folds
Uncalled bet ($0.05) returned to Hero
*** SHOWDOWN ***
Hero collected $0.1 from pot
*** SUMMARY ***
Total pot $0.1 | Rake $0 | Jackpot $0 | Bingo $0 | Fortune $0
Seat 1: e329a030 (button) folded before Flop (didn't bet)
Seat 2: fa56fdb4 (small blind) folded before Flop
Seat 3: Hero (big blind) collected ($0.1)
Seat 4: c4bff5cb folded before Flop (didn't bet)
Seat 5: 9bc552bd folded before Flop (didn't bet)
Seat 6: afece299 folded before Flop (didn't bet)


Poker Hand #RC1468714312: Hold'em No Limit  ($0.05/$0.1) - 2023/04/12 22:28:05
Table 'RushAndCash5689572' 6-max Seat #1 is the button
Seat 1: 5adb6068 ($15.22 in chips)
Seat 2: Hero ($12.11 in chips)
Seat 3: 40c751af ($10.15 in chips)
Seat 4: b4d50144 ($22.86 in chips)
Seat 5: 4926d921 ($13.72 in chips)
Seat 6: dea3c40c ($10.15 in chips)
Hero: posts small blind $0.05
40c751af: posts big blind $0.1
*** HOLE CARDS ***
Dealt to 5adb6068 
Dealt to Hero [Qs 8c]
Dealt to 40c751af 
Dealt to b4d50144 
Dealt to 4926d921 
Dealt to dea3c40c 
b4d50144: folds
4926d921: folds
dea3c40c: raises $0.15 to $0.25
5adb6068: folds
Hero: folds
40c751af: folds
Uncalled bet ($0.15) returned to dea3c40c
*** SHOWDOWN ***
dea3c40c collected $0.25 from pot
*** SUMMARY ***
Total pot $0.25 | Rake $0 | Jackpot $0 | Bingo $0 | Fortune $0
Seat 1: 5adb6068 (button) folded before Flop (didn't bet)
Seat 2: Hero (small blind) folded before Flop
Seat 3: 40c751af (big blind) folded before Flop
Seat 4: b4d50144 folded before Flop (didn't bet)
Seat 5: 4926d921 folded before Flop (didn't bet)
Seat 6: dea3c40c collected ($0.25)


Poker Hand #RC1468714273: Hold'em No Limit  ($0.05/$0.1) - 2023/04/12 22:27:57
Table 'RushAndCash5689533' 6-max Seat #1 is the button
Seat 1: Hero ($12.11 in chips)
Seat 2: f500c3c7 ($26.61 in chips)
Seat 3: b0587df6 ($10.3 in chips)
Seat 4: 3797a59c ($11.46 in chips)
Seat 5: 382a43a ($15 in chips)
Seat 6: 5c52fe15 ($10 in chips)
f500c3c7: posts small blind $0.05
b0587df6: posts big blind $0.1
*** HOLE CARDS ***
Dealt to Hero [6s 7d]
Dealt to f500c3c7 
Dealt to b0587df6 
Dealt to 3797a59c 
Dealt to 382a43a 
Dealt to 5c52fe15 
3797a59c: folds
382a43a: folds
5c52fe15: folds
Hero: folds
f500c3c7: folds
Uncalled bet ($0.05) returned to b0587df6
*** SHOWDOWN ***
b0587df6 collected $0.1 from pot
*** SUMMARY ***
Total pot $0.1 | Rake $0 | Jackpot $0 | Bingo $0 | Fortune $0
Seat 1: Hero (button) folded before Flop (didn't bet)
Seat 2: f500c3c7 (small blind) folded before Flop
Seat 3: b0587df6 (big blind) collected ($0.1)
Seat 4: 3797a59c folded before Flop (didn't bet)
Seat 5: 382a43a folded before Flop (didn't bet)
Seat 6: 5c52fe15 folded before Flop (didn't bet)


Poker Hand #RC1468714247: Hold'em No Limit  ($0.05/$0.1) - 2023/04/12 22:27:52
Table 'RushAndCash5689507' 6-max Seat #1 is the button
Seat 1: d9aa6cd0 ($8.12 in chips)
Seat 2: 2893467b ($10.34 in chips)
Seat 3: 1ae7786f ($10 in chips)
Seat 4: Hero ($12.11 in chips)
Seat 5: 80cbb5c ($10.78 in chips)
Seat 6: 7ceb3361 ($11 in chips)
2893467b: posts small blind $0.05
1ae7786f: posts big blind $0.1
*** HOLE CARDS ***
Dealt to d9aa6cd0 
Dealt to 2893467b 
Dealt to 1ae7786f 
Dealt to Hero [7s 8c]
Dealt to 80cbb5c 
Dealt to 7ceb3361 
Hero: folds
80cbb5c: folds
7ceb3361: raises $0.2 to $0.3
d9aa6cd0: folds
2893467b: folds
1ae7786f: folds
Uncalled bet ($0.2) returned to 7ceb3361
*** SHOWDOWN ***
7ceb3361 collected $0.25 from pot
*** SUMMARY ***
Total pot $0.25 | Rake $0 | Jackpot $0 | Bingo $0 | Fortune $0
Seat 1: d9aa6cd0 (button) folded before Flop (didn't bet)
Seat 2: 2893467b (small blind) folded before Flop
Seat 3: 1ae7786f (big blind) folded before Flop
Seat 4: Hero folded before Flop (didn't bet)
Seat 5: 80cbb5c folded before Flop (didn't bet)
Seat 6: 7ceb3361 collected ($0.25)


Poker Hand #RC1468714215: Hold'em No Limit  ($0.05/$0.1) - 2023/04/12 22:27:45
Table 'RushAndCash5689475' 6-max Seat #1 is the button
Seat 1: a9c4494b ($14.53 in chips)
Seat 2: 4006d9d1 ($11.27 in chips)
Seat 3: aead5c46 ($10.15 in chips)
Seat 4: 8a2688ea ($10.25 in chips)
Seat 5: Hero ($12.11 in chips)
Seat 6: 24be0c98 ($10.2 in chips)
4006d9d1: posts small blind $0.05
aead5c46: posts big blind $0.1
*** HOLE CARDS ***
Dealt to a9c4494b 
Dealt to 4006d9d1 
Dealt to aead5c46 
Dealt to 8a2688ea 
Dealt to Hero [3h Jd]
Dealt to 24be0c98 
8a2688ea: folds
Hero: folds
24be0c98: folds
a9c4494b: folds
4006d9d1: raises $0.2 to $0.3
aead5c46: raises $0.6 to $0.9
4006d9d1: raises $1.4 to $2.3
aead5c46: calls $1.4
*** FLOP *** [6h Tc Kd]
4006d9d1: bets $1.38
aead5c46: calls $1.38
*** TURN *** [6h Tc Kd] [2c]
4006d9d1: checks
aead5c46: bets $6.47 and is all-in
4006d9d1: folds
Uncalled bet ($6.47) returned to aead5c46
*** SHOWDOWN ***
aead5c46 collected $6.91 from pot
*** SUMMARY ***
Total pot $7.36 | Rake $0.3 | Jackpot $0.15 | Bingo $0 | Fortune $0
Board [6h Tc Kd 2c]
Seat 1: a9c4494b (button) folded before Flop (didn't bet)
Seat 2: 4006d9d1 (small blind) folded on the Turn
Seat 3: aead5c46 (big blind) won ($6.91)
Seat 4: 8a2688ea folded before Flop (didn't bet)
Seat 5: Hero folded before Flop (didn't bet)
Seat 6: 24be0c98 folded before Flop (didn't bet)


Poker Hand #RC1468714187: Hold'em No Limit  ($0.05/$0.1) - 2023/04/12 22:27:39
Table 'RushAndCash5689447' 6-max Seat #1 is the button
Seat 1: 46b3f62e ($10.36 in chips)
Seat 2: 79a425e4 ($10 in chips)
Seat 3: b709086d ($11.15 in chips)
Seat 4: Hero ($12.11 in chips)
Seat 5: e602da70 ($10.72 in chips)
Seat 6: 3d571dc7 ($10.15 in chips)
79a425e4: posts small blind $0.05
b709086d: posts big blind $0.1
*** HOLE CARDS ***
Dealt to 46b3f62e 
Dealt to 79a425e4 
Dealt to b709086d 
Dealt to Hero [2d 4h]
Dealt to e602da70 
Dealt to 3d571dc7 
Hero: folds
e602da70: folds
3d571dc7: folds
46b3f62e: raises $0.15 to $0.25
79a425e4: raises $0.75 to $1
b709086d: raises $1.5 to $2.5
46b3f62e: folds
79a425e4: folds
Uncalled bet ($1.5) returned to b709086d
*** SHOWDOWN ***
b709086d collected $2.14 from pot
*** SUMMARY ***
Total pot $2.25 | Rake $0.11 | Jackpot $0 | Bingo $0 | Fortune $0
Seat 1: 46b3f62e (button) folded before Flop
Seat 2: 79a425e4 (small blind) folded before Flop
Seat 3: b709086d (big blind) collected ($2.14)
Seat 4: Hero folded before Flop (didn't bet)
Seat 5: e602da70 folded before Flop (didn't bet)
Seat 6: 3d571dc7 folded before Flop (didn't bet)


Poker Hand #RC1468714163: Hold'em No Limit  ($0.05/$0.1) - 2023/04/12 22:27:35
Table 'RushAndCash5689423' 6-max Seat #1 is the button
Seat 1: 27c922fe ($26.68 in chips)
Seat 2: 1c8bc73d ($40.56 in chips)
Seat 3: 2b55ce83 ($12.1 in chips)
Seat 4: 117e6638 ($24.09 in chips)
Seat 5: c6a196d5 ($17.39 in chips)
Seat 6: Hero ($12.11 in chips)
1c8bc73d: posts small blind $0.05
2b55ce83: posts big blind $0.1
*** HOLE CARDS ***
Dealt to 27c922fe 
Dealt to 1c8bc73d 
Dealt to 2b55ce83 
Dealt to 117e6638 
Dealt to c6a196d5 
Dealt to Hero [Kd 2h]
117e6638: folds
c6a196d5: raises $0.15 to $0.25
Hero: folds
27c922fe: folds
1c8bc73d: folds
2b55ce83: folds
Uncalled bet ($0.15) returned to c6a196d5
*** SHOWDOWN ***
c6a196d5 collected $0.25 from pot
*** SUMMARY ***
Total pot $0.25 | Rake $0 | Jackpot $0 | Bingo $0 | Fortune $0
Seat 1: 27c922fe (button) folded before Flop (didn't bet)
Seat 2: 1c8bc73d (small blind) folded before Flop
Seat 3: 2b55ce83 (big blind) folded before Flop
Seat 4: 117e6638 folded before Flop (didn't bet)
Seat 5: c6a196d5 collected ($0.25)
Seat 6: Hero folded before Flop (didn't bet)


Poker Hand #RC1468714110: Hold'em No Limit  ($0.05/$0.1) - 2023/04/12 22:27:24
Table 'RushAndCash5689370' 6-max Seat #1 is the button
Seat 1: 6d9ea5ed ($24.04 in chips)
Seat 2: Hero ($12.16 in chips)
Seat 3: c1175b63 ($7.9 in chips)
Seat 4: 326c1e85 ($24.33 in chips)
Seat 5: 2897976f ($37.04 in chips)
Seat 6: b5f0d35e ($6.71 in chips)
Hero: posts small blind $0.05
c1175b63: posts big blind $0.1
*** HOLE CARDS ***
Dealt to 6d9ea5ed 
Dealt to Hero [6h 3h]
Dealt to c1175b63 
Dealt to 326c1e85 
Dealt to 2897976f 
Dealt to b5f0d35e 
326c1e85: folds
2897976f: folds
b5f0d35e: raises $0.1 to $0.2
6d9ea5ed: folds
Hero: folds
c1175b63: folds
Uncalled bet ($0.1) returned to b5f0d35e
*** SHOWDOWN ***
b5f0d35e collected $0.25 from pot
*** SUMMARY ***
Total pot $0.25 | Rake $0 | Jackpot $0 | Bingo $0 | Fortune $0
Seat 1: 6d9ea5ed (button) folded before Flop (didn't bet)
Seat 2: Hero (small blind) folded before Flop
Seat 3: c1175b63 (big blind) folded before Flop
Seat 4: 326c1e85 folded before Flop (didn't bet)
Seat 5: 2897976f folded before Flop (didn't bet)
Seat 6: b5f0d35e collected ($0.25)


Poker Hand #RC1468714076: Hold'em No Limit  ($0.05/$0.1) - 2023/04/12 22:27:17
Table 'RushAndCash5689336' 6-max Seat #1 is the button
Seat 1: e4c97335 ($69.85 in chips)
Seat 2: e602da70 ($10.72 in chips)
Seat 3: Hero ($12.11 in chips)
Seat 4: 3be15b8 ($9.9 in chips)
Seat 5: 324effc2 ($9.99 in chips)
Seat 6: ecc2622b ($10.55 in chips)
e602da70: posts small blind $0.05
Hero: posts big blind $0.1
*** HOLE CARDS ***
Dealt to e4c97335 
Dealt to e602da70 
Dealt to Hero [4h 9d]
Dealt to 3be15b8 
Dealt to 324effc2 
Dealt to ecc2622b 
3be15b8: folds
324effc2: folds
ecc2622b: folds
e4c97335: folds
e602da70: folds
Uncalled bet ($0.05) returned to Hero
*** SHOWDOWN ***
Hero collected $0.1 from pot
*** SUMMARY ***
Total pot $0.1 | Rake $0 | Jackpot $0 | Bingo $0 | Fortune $0
Seat 1: e4c97335 (button) folded before Flop (didn't bet)
Seat 2: e602da70 (small blind) folded before Flop
Seat 3: Hero (big blind) collected ($0.1)
Seat 4: 3be15b8 folded before Flop (didn't bet)
Seat 5: 324effc2 folded before Flop (didn't bet)
Seat 6: ecc2622b folded before Flop (didn't bet)


Poker Hand #RC1468713550: Hold'em No Limit  ($0.05/$0.1) - 2023/04/12 22:25:35
Table 'RushAndCash5688810' 6-max Seat #1 is the button
Seat 1: Hero ($12.11 in chips)
Seat 2: dac90093 ($10.77 in chips)
Seat 3: a59c264a ($13.21 in chips)
Seat 4: 818ea7df ($12.42 in chips)
Seat 5: 2edf816c ($14.68 in chips)
Seat 6: a2f1e253 ($10 in chips)
dac90093: posts small blind $0.05
a59c264a: posts big blind $0.1
*** HOLE CARDS ***
Dealt to Hero [Qc 7h]
Dealt to dac90093 
Dealt to a59c264a 
Dealt to 818ea7df 
Dealt to 2edf816c 
Dealt to a2f1e253 
818ea7df: folds
2edf816c: folds
a2f1e253: folds
Hero: folds
dac90093: raises $0.2 to $0.3
a59c264a: calls $0.2
*** FLOP *** [5h 5d 6d]
dac90093: checks
a59c264a: checks
*** TURN *** [5h 5d 6d] [4d]
dac90093: bets $0.33
a59c264a: folds
Uncalled bet ($0.33) returned to dac90093
*** SHOWDOWN ***
dac90093 collected $0.57 from pot
*** SUMMARY ***
Total pot $0.6 | Rake $0.03 | Jackpot $0 | Bingo $0 | Fortune $0
Board [5h 5d 6d 4d]
Seat 1: Hero (button) folded before Flop (didn't bet)
Seat 2: dac90093 (small blind) won ($0.57)
Seat 3: a59c264a (big blind) folded on the Turn
Seat 4: 818ea7df folded before Flop (didn't bet)
Seat 5: 2edf816c folded before Flop (didn't bet)
Seat 6: a2f1e253 folded before Flop (didn't bet)


Poker Hand #RC1468713168: Hold'em No Limit  ($0.05/$0.1) - 2023/04/12 22:24:15
Table 'RushAndCash5688428' 6-max Seat #1 is the button
Seat 1: 787a8614 ($17.81 in chips)
Seat 2: 244c2c86 ($10 in chips)
Seat 3: 563ef301 ($11.21 in chips)
Seat 4: 2121db44 ($17.94 in chips)
Seat 5: Hero ($11.74 in chips)
Seat 6: a59c264a ($13.31 in chips)
244c2c86: posts small blind $0.05
563ef301: posts big blind $0.1
*** HOLE CARDS ***
Dealt to 787a8614 
Dealt to 244c2c86 
Dealt to 563ef301 
Dealt to 2121db44 
Dealt to Hero [8d 9d]
Dealt to a59c264a 
2121db44: folds
Hero: raises $0.15 to $0.25
a59c264a: calls $0.25
787a8614: folds
244c2c86: folds
563ef301: folds
*** FLOP *** [9h 7h Kd]
Hero: checks
a59c264a: checks
*** TURN *** [9h 7h Kd] [4h]
Hero: checks
a59c264a: checks
*** RIVER *** [9h 7h Kd 4h] [7s]
Hero: checks
a59c264a: checks
Hero: shows [8d 9d] (Pair of Nines and Pair of Sevens)
a59c264a: shows [5s 5h] (Pair of Sevens and Pair of Fives)
*** SHOWDOWN ***
Hero collected $0.62 from pot
*** SUMMARY ***
Total pot $0.65 | Rake $0.03 | Jackpot $0 | Bingo $0 | Fortune $0
Board [9h 7h Kd 4h 7s]
Seat 1: 787a8614 (button) folded before Flop (didn't bet)
Seat 2: 244c2c86 (small blind) folded before Flop
Seat 3: 563ef301 (big blind) folded before Flop
Seat 4: 2121db44 folded before Flop (didn't bet)
Seat 5: Hero showed [8d 9d] and won ($0.62) with Pair of Nines and Pair of Sevens
Seat 6: a59c264a showed [5s 5h] and lost with Pair of Sevens and Pair of Fives


Poker Hand #RC1468713100: Hold'em No Limit  ($0.05/$0.1) - 2023/04/12 22:24:01
Table 'RushAndCash5688360' 6-max Seat #1 is the button
Seat 1: Hero ($11.74 in chips)
Seat 2: 2654078e ($10.5 in chips)
Seat 3: 940a39f7 ($36.3 in chips)
Seat 4: 609924f6 ($10 in chips)
Seat 5: 301dd9a8 ($11.38 in chips)
Seat 6: ebafa632 ($25.25 in chips)
2654078e: posts small blind $0.05
940a39f7: posts big blind $0.1
*** HOLE CARDS ***
Dealt to Hero [7d Qc]
Dealt to 2654078e 
Dealt to 940a39f7 
Dealt to 609924f6 
Dealt to 301dd9a8 
Dealt to ebafa632 
609924f6: folds
301dd9a8: folds
ebafa632: raises $0.1 to $0.2
Hero: folds
2654078e: folds
940a39f7: folds
Uncalled bet ($0.1) returned to ebafa632
*** SHOWDOWN ***
ebafa632 collected $0.25 from pot
*** SUMMARY ***
Total pot $0.25 | Rake $0 | Jackpot $0 | Bingo $0 | Fortune $0
Seat 1: Hero (button) folded before Flop (didn't bet)
Seat 2: 2654078e (small blind) folded before Flop
Seat 3: 940a39f7 (big blind) folded before Flop
Seat 4: 609924f6 folded before Flop (didn't bet)
Seat 5: 301dd9a8 folded before Flop (didn't bet)
Seat 6: ebafa632 collected ($0.25)


Poker Hand #RC1468712669: Hold'em No Limit  ($0.05/$0.1) - 2023/04/12 22:22:42
Table 'RushAndCash5687929' 6-max Seat #1 is the button
Seat 1: 5ae8c808 ($13.26 in chips)
Seat 2: Hero ($11.79 in chips)
Seat 3: 76bdc7e1 ($11.01 in chips)
Seat 4: b709086d ($11.75 in chips)
Seat 5: a9272072 ($20.65 in chips)
Seat 6: c0654ddc ($26.18 in chips)
Hero: posts small blind $0.05
76bdc7e1: posts big blind $0.1
*** HOLE CARDS ***
Dealt to 5ae8c808 
Dealt to Hero [9s 4s]
Dealt to 76bdc7e1 
Dealt to b709086d 
Dealt to a9272072 
Dealt to c0654ddc 
b709086d: folds
a9272072: folds
c0654ddc: raises $0.12 to $0.22
5ae8c808: folds
Hero: folds
76bdc7e1: folds
Uncalled bet ($0.12) returned to c0654ddc
*** SHOWDOWN ***
c0654ddc collected $0.25 from pot
*** SUMMARY ***
Total pot $0.25 | Rake $0 | Jackpot $0 | Bingo $0 | Fortune $0
Seat 1: 5ae8c808 (button) folded before Flop (didn't bet)
Seat 2: Hero (small blind) folded before Flop
Seat 3: 76bdc7e1 (big blind) folded before Flop
Seat 4: b709086d folded before Flop (didn't bet)
Seat 5: a9272072 folded before Flop (didn't bet)
Seat 6: c0654ddc collected ($0.25)


Poker Hand #RC1468712357: Hold'em No Limit  ($0.05/$0.1) - 2023/04/12 22:21:44
Table 'RushAndCash5687617' 6-max Seat #1 is the button
Seat 1: 6c6bb6ae ($52.77 in chips)
Seat 2: 95b26fc0 ($10.3 in chips)
Seat 3: Hero ($12.23 in chips)
Seat 4: bec07344 ($10 in chips)
Seat 5: f474f16 ($11.55 in chips)
Seat 6: a9272072 ($20.2 in chips)
95b26fc0: posts small blind $0.05
Hero: posts big blind $0.1
*** HOLE CARDS ***
Dealt to 6c6bb6ae 
Dealt to 95b26fc0 
Dealt to Hero [8h Ad]
Dealt to bec07344 
Dealt to f474f16 
Dealt to a9272072 
bec07344: folds
f474f16: folds
a9272072: raises $0.15 to $0.25
6c6bb6ae: folds
95b26fc0: folds
Hero: calls $0.15
*** FLOP *** [5d 4h 5h]
Hero: checks
a9272072: bets $0.19
Hero: calls $0.19
*** TURN *** [5d 4h 5h] [Jc]
Hero: checks
a9272072: bets $0.47
Hero: folds
Uncalled bet ($0.47) returned to a9272072
*** SHOWDOWN ***
a9272072 collected $0.89 from pot
*** SUMMARY ***
Total pot $0.93 | Rake $0.04 | Jackpot $0 | Bingo $0 | Fortune $0
Board [5d 4h 5h Jc]
Seat 1: 6c6bb6ae (button) folded before Flop (didn't bet)
Seat 2: 95b26fc0 (small blind) folded before Flop
Seat 3: Hero (big blind) folded on the Turn
Seat 4: bec07344 folded before Flop (didn't bet)
Seat 5: f474f16 folded before Flop (didn't bet)
Seat 6: a9272072 won ($0.89)


Poker Hand #RC1468712332: Hold'em No Limit  ($0.05/$0.1) - 2023/04/12 22:21:38
Table 'RushAndCash5687592' 6-max Seat #1 is the button
Seat 1: c85a66a2 ($13.06 in chips)
Seat 2: 2874fe56 ($9.91 in chips)
Seat 3: d434b8f2 ($10 in chips)
Seat 4: Hero ($12.23 in chips)
Seat 5: da2eb8be ($11.82 in chips)
Seat 6: bbd66290 ($10.13 in chips)
2874fe56: posts small blind $0.05
d434b8f2: posts big blind $0.1
*** HOLE CARDS ***
Dealt to c85a66a2 
Dealt to 2874fe56 
Dealt to d434b8f2 
Dealt to Hero [9s Qh]
Dealt to da2eb8be 
Dealt to bbd66290 
Hero: folds
da2eb8be: raises $0.13 to $0.23
bbd66290: calls $0.23
c85a66a2: raises $1.07 to $1.3
2874fe56: folds
d434b8f2: folds
da2eb8be: folds
bbd66290: folds
Uncalled bet ($1.07) returned to c85a66a2
bbd66290: shows [8s 8h]
*** SHOWDOWN ***
c85a66a2 collected $0.8 from pot
*** SUMMARY ***
Total pot $0.84 | Rake $0.04 | Jackpot $0 | Bingo $0 | Fortune $0
Seat 1: c85a66a2 (button) collected ($0.8)
Seat 2: 2874fe56 (small blind) folded before Flop
Seat 3: d434b8f2 (big blind) folded before Flop
Seat 4: Hero folded before Flop (didn't bet)
Seat 5: da2eb8be folded before Flop
Seat 6: bbd66290 folded before Flop


Poker Hand #RC1468712302: Hold'em No Limit  ($0.05/$0.1) - 2023/04/12 22:21:32
Table 'RushAndCash5687562' 6-max Seat #1 is the button
Seat 1: 8f9a6467 ($55.45 in chips)
Seat 2: 72a6f788 ($11.53 in chips)
Seat 3: eaddb08d ($9.05 in chips)
Seat 4: Hero ($12.23 in chips)
Seat 5: 6bb948b2 ($10.09 in chips)
Seat 6: ccede384 ($10.02 in chips)
72a6f788: posts small blind $0.05
eaddb08d: posts big blind $0.1
*** HOLE CARDS ***
Dealt to 8f9a6467 
Dealt to 72a6f788 
Dealt to eaddb08d 
Dealt to Hero [5h Kc]
Dealt to 6bb948b2 
Dealt to ccede384 
Hero: folds
6bb948b2: raises $0.13 to $0.23
ccede384: folds
8f9a6467: folds
72a6f788: folds
eaddb08d: calls $0.13
*** FLOP *** [Qs Kh Js]
eaddb08d: checks
6bb948b2: bets $0.17
eaddb08d: raises $0.7 to $0.87
6bb948b2: folds
Uncalled bet ($0.7) returned to eaddb08d
*** SHOWDOWN ***
eaddb08d collected $0.81 from pot
*** SUMMARY ***
Total pot $0.85 | Rake $0.04 | Jackpot $0 | Bingo $0 | Fortune $0
Board [Qs Kh Js]
Seat 1: 8f9a6467 (button) folded before Flop (didn't bet)
Seat 2: 72a6f788 (small blind) folded before Flop
Seat 3: eaddb08d (big blind) won ($0.81)
Seat 4: Hero folded before Flop (didn't bet)
Seat 5: 6bb948b2 folded on the Flop
Seat 6: ccede384 folded before Flop (didn't bet)


Poker Hand #RC1468711576: Hold'em No Limit  ($0.05/$0.1) - 2023/04/12 22:19:17
Table 'RushAndCash5686836' 6-max Seat #1 is the button
Seat 1: 79a425e4 ($10.38 in chips)
Seat 2: f58a46db ($38.43 in chips)
Seat 3: c70889c5 ($9.99 in chips)
Seat 4: 872109f1 ($23.47 in chips)
Seat 5: Hero ($12.23 in chips)
Seat 6: 1b214f81 ($9.95 in chips)
f58a46db: posts small blind $0.05
c70889c5: posts big blind $0.1
*** HOLE CARDS ***
Dealt to 79a425e4 
Dealt to f58a46db 
Dealt to c70889c5 
Dealt to 872109f1 
Dealt to Hero [Ah 3d]
Dealt to 1b214f81 
872109f1: folds
Hero: folds
1b214f81: folds
79a425e4: folds
f58a46db: folds
Uncalled bet ($0.05) returned to c70889c5
*** SHOWDOWN ***
c70889c5 collected $0.1 from pot
*** SUMMARY ***
Total pot $0.1 | Rake $0 | Jackpot $0 | Bingo $0 | Fortune $0
Seat 1: 79a425e4 (button) folded before Flop (didn't bet)
Seat 2: f58a46db (small blind) folded before Flop
Seat 3: c70889c5 (big blind) collected ($0.1)
Seat 4: 872109f1 folded before Flop (didn't bet)
Seat 5: Hero folded before Flop (didn't bet)
Seat 6: 1b214f81 folded before Flop (didn't bet)


Poker Hand #RC1468711509: Hold'em No Limit  ($0.05/$0.1) - 2023/04/12 22:19:04
Table 'RushAndCash5686769' 6-max Seat #1 is the button
Seat 1: Hero ($12.23 in chips)
Seat 2: 10d5e02a ($10.2 in chips)
Seat 3: fa6c0420 ($11.76 in chips)
Seat 4: 14ced043 ($18.42 in chips)
Seat 5: da4e056f ($28.96 in chips)
Seat 6: 507fb4f6 ($13.93 in chips)
10d5e02a: posts small blind $0.05
fa6c0420: posts big blind $0.1
*** HOLE CARDS ***
Dealt to Hero [5h 9h]
Dealt to 10d5e02a 
Dealt to fa6c0420 
Dealt to 14ced043 
Dealt to da4e056f 
Dealt to 507fb4f6 
14ced043: folds
da4e056f: folds
507fb4f6: folds
Hero: folds
10d5e02a: folds
Uncalled bet ($0.05) returned to fa6c0420
*** SHOWDOWN ***
fa6c0420 collected $0.1 from pot
*** SUMMARY ***
Total pot $0.1 | Rake $0 | Jackpot $0 | Bingo $0 | Fortune $0
Seat 1: Hero (button) folded before Flop (didn't bet)
Seat 2: 10d5e02a (small blind) folded before Flop
Seat 3: fa6c0420 (big blind) collected ($0.1)
Seat 4: 14ced043 folded before Flop (didn't bet)
Seat 5: da4e056f folded before Flop (didn't bet)
Seat 6: 507fb4f6 folded before Flop (didn't bet)


Poker Hand #RC1468711421: Hold'em No Limit  ($0.05/$0.1) - 2023/04/12 22:18:47
Table 'RushAndCash5686681' 6-max Seat #1 is the button
Seat 1: 2f193a4f ($10 in chips)
Seat 2: 17b82433 ($6.9 in chips)
Seat 3: 24284043 ($17.95 in chips)
Seat 4: Hero ($12.23 in chips)
Seat 5: e890c622 ($29.11 in chips)
Seat 6: 4c69cfa4 ($13.73 in chips)
17b82433: posts small blind $0.05
24284043: posts big blind $0.1
*** HOLE CARDS ***
Dealt to 2f193a4f 
Dealt to 17b82433 
Dealt to 24284043 
Dealt to Hero [Kh 2d]
Dealt to e890c622 
Dealt to 4c69cfa4 
Hero: folds
e890c622: folds
4c69cfa4: folds
2f193a4f: raises $0.2 to $0.3
17b82433: folds
24284043: folds
Uncalled bet ($0.2) returned to 2f193a4f
*** SHOWDOWN ***
2f193a4f collected $0.25 from pot
*** SUMMARY ***
Total pot $0.25 | Rake $0 | Jackpot $0 | Bingo $0 | Fortune $0
Seat 1: 2f193a4f (button) collected ($0.25)
Seat 2: 17b82433 (small blind) folded before Flop
Seat 3: 24284043 (big blind) folded before Flop
Seat 4: Hero folded before Flop (didn't bet)
Seat 5: e890c622 folded before Flop (didn't bet)
Seat 6: 4c69cfa4 folded before Flop (didn't bet)


Poker Hand #RC1468711027: Hold'em No Limit  ($0.05/$0.1) - 2023/04/12 22:17:33
Table 'RushAndCash5686287' 6-max Seat #1 is the button
Seat 1: 2ffa5376 ($9.7 in chips)
Seat 2: Hero ($9.38 in chips)
Seat 3: 17b82433 ($10.2 in chips)
Seat 4: 496485b7 ($3.9 in chips)
Seat 5: 2cca2a84 ($11.22 in chips)
Seat 6: 972258d6 ($33.92 in chips)
Hero: posts small blind $0.05
17b82433: posts big blind $0.1
*** HOLE CARDS ***
Dealt to 2ffa5376 
Dealt to Hero [Ah Jh]
Dealt to 17b82433 
Dealt to 496485b7 
Dealt to 2cca2a84 
Dealt to 972258d6 
496485b7: folds
2cca2a84: folds
972258d6: folds
2ffa5376: folds
Hero: raises $0.2 to $0.3
17b82433: raises $0.55 to $0.85
Hero: calls $0.55
*** FLOP *** [4s 7c Jc]
Hero: checks
17b82433: bets $0.57
Hero: calls $0.57
*** TURN *** [4s 7c Jc] [6c]
Hero: checks
17b82433: bets $1.88
Hero: calls $1.88
*** RIVER *** [4s 7c Jc 6c] [4h]
Hero: checks
17b82433: checks
Hero: shows [Ah Jh] (Pair of Jacks and Pair of Fours)
17b82433: shows [7h Ac] (Pair of Sevens and Pair of Fours)
*** SHOWDOWN ***
Hero collected $6.15 from pot
*** SUMMARY ***
Total pot $6.6 | Rake $0.3 | Jackpot $0.15 | Bingo $0 | Fortune $0
Board [4s 7c Jc 6c 4h]
Seat 1: 2ffa5376 (button) folded before Flop (didn't bet)
Seat 2: Hero (small blind) showed [Ah Jh] and won ($6.15) with Pair of Jacks and Pair of Fours
Seat 3: 17b82433 (big blind) showed [7h Ac] and lost with Pair of Sevens and Pair of Fours
Seat 4: 496485b7 folded before Flop (didn't bet)
Seat 5: 2cca2a84 folded before Flop (didn't bet)
Seat 6: 972258d6 folded before Flop (didn't bet)


Poker Hand #RC1468710978: Hold'em No Limit  ($0.05/$0.1) - 2023/04/12 22:17:23
Table 'RushAndCash5686238' 6-max Seat #1 is the button
Seat 1: 496485b7 ($3.95 in chips)
Seat 2: 798215b7 ($11.61 in chips)
Seat 3: Hero ($9.48 in chips)
Seat 4: c9c743d2 ($10.15 in chips)
Seat 5: cc2c6bfa ($10.15 in chips)
Seat 6: 972258d6 ($33.92 in chips)
798215b7: posts small blind $0.05
Hero: posts big blind $0.1
*** HOLE CARDS ***
Dealt to 496485b7 
Dealt to 798215b7 
Dealt to Hero [4d 2s]
Dealt to c9c743d2 
Dealt to cc2c6bfa 
Dealt to 972258d6 
c9c743d2: raises $0.15 to $0.25
cc2c6bfa: folds
972258d6: folds
496485b7: folds
798215b7: folds
Hero: folds
Uncalled bet ($0.15) returned to c9c743d2
*** SHOWDOWN ***
c9c743d2 collected $0.25 from pot
*** SUMMARY ***
Total pot $0.25 | Rake $0 | Jackpot $0 | Bingo $0 | Fortune $0
Seat 1: 496485b7 (button) folded before Flop (didn't bet)
Seat 2: 798215b7 (small blind) folded before Flop
Seat 3: Hero (big blind) folded before Flop
Seat 4: c9c743d2 collected ($0.25)
Seat 5: cc2c6bfa folded before Flop (didn't bet)
Seat 6: 972258d6 folded before Flop (didn't bet)


Poker Hand #RC1468710889: Hold'em No Limit  ($0.05/$0.1) - 2023/04/12 22:17:06
Table 'RushAndCash5686149' 6-max Seat #1 is the button
Seat 1: 2897976f ($38.42 in chips)
Seat 2: d60cebbf ($10.05 in chips)
Seat 3: c5fa9a00 ($31.71 in chips)
Seat 4: 6ae9e025 ($5.77 in chips)
Seat 5: 334d1d8b ($22.66 in chips)
Seat 6: Hero ($9.48 in chips)
d60cebbf: posts small blind $0.05
c5fa9a00: posts big blind $0.1
*** HOLE CARDS ***
Dealt to 2897976f 
Dealt to d60cebbf 
Dealt to c5fa9a00 
Dealt to 6ae9e025 
Dealt to 334d1d8b 
Dealt to Hero [8s 3h]
6ae9e025: raises $0.2 to $0.3
334d1d8b: folds
Hero: folds
2897976f: folds
d60cebbf: folds
c5fa9a00: folds
Uncalled bet ($0.2) returned to 6ae9e025
*** SHOWDOWN ***
6ae9e025 collected $0.25 from pot
*** SUMMARY ***
Total pot $0.25 | Rake $0 | Jackpot $0 | Bingo $0 | Fortune $0
Seat 1: 2897976f (button) folded before Flop (didn't bet)
Seat 2: d60cebbf (small blind) folded before Flop
Seat 3: c5fa9a00 (big blind) folded before Flop
Seat 4: 6ae9e025 collected ($0.25)
Seat 5: 334d1d8b folded before Flop (didn't bet)
Seat 6: Hero folded before Flop (didn't bet)


Poker Hand #RC1468710844: Hold'em No Limit  ($0.05/$0.1) - 2023/04/12 22:16:58
Table 'RushAndCash5686104' 6-max Seat #1 is the button
Seat 1: 777fadd6 ($10 in chips)
Seat 2: 4926d921 ($10.86 in chips)
Seat 3: 2ab194e7 ($13.32 in chips)
Seat 4: 4baef6e4 ($10.05 in chips)
Seat 5: Hero ($9.48 in chips)
Seat 6: 60bf14a5 ($10 in chips)
4926d921: posts small blind $0.05
2ab194e7: posts big blind $0.1
*** HOLE CARDS ***
Dealt to 777fadd6 
Dealt to 4926d921 
Dealt to 2ab194e7 
Dealt to 4baef6e4 
Dealt to Hero [Ks 4s]
Dealt to 60bf14a5 
4baef6e4: raises $0.1 to $0.2
Hero: folds
60bf14a5: folds
777fadd6: folds
4926d921: folds
2ab194e7: folds
Uncalled bet ($0.1) returned to 4baef6e4
*** SHOWDOWN ***
4baef6e4 collected $0.25 from pot
*** SUMMARY ***
Total pot $0.25 | Rake $0 | Jackpot $0 | Bingo $0 | Fortune $0
Seat 1: 777fadd6 (button) folded before Flop (didn't bet)
Seat 2: 4926d921 (small blind) folded before Flop
Seat 3: 2ab194e7 (big blind) folded before Flop
Seat 4: 4baef6e4 collected ($0.25)
Seat 5: Hero folded before Flop (didn't bet)
Seat 6: 60bf14a5 folded before Flop (didn't bet)


Poker Hand #RC1468710819: Hold'em No Limit  ($0.05/$0.1) - 2023/04/12 22:16:53
Table 'RushAndCash5686079' 6-max Seat #1 is the button
Seat 1: aa990d88 ($20.66 in chips)
Seat 2: 15799f96 ($15.16 in chips)
Seat 3: 6083a527 ($17.22 in chips)
Seat 4: 792c39fa ($15.57 in chips)
Seat 5: 1b214f81 ($9.59 in chips)
Seat 6: Hero ($9.48 in chips)
15799f96: posts small blind $0.05
6083a527: posts big blind $0.1
*** HOLE CARDS ***
Dealt to aa990d88 
Dealt to 15799f96 
Dealt to 6083a527 
Dealt to 792c39fa 
Dealt to 1b214f81 
Dealt to Hero [7d 8c]
792c39fa: folds
1b214f81: folds
Hero: folds
aa990d88: raises $0.12 to $0.22
15799f96: folds
6083a527: calls $0.12
*** FLOP *** [Tc Js Ah]
6083a527: checks
aa990d88: bets $0.17
6083a527: calls $0.17
*** TURN *** [Tc Js Ah] [2c]
6083a527: checks
aa990d88: checks
*** RIVER *** [Tc Js Ah 2c] [As]
6083a527: bets $0.2
aa990d88: calls $0.2
6083a527: shows [Ac 9c] (Three Aces)
aa990d88: shows [Qd Jd] (Pair of Aces and Pair of Jacks)
*** SHOWDOWN ***
6083a527 collected $1.17 from pot
*** SUMMARY ***
Total pot $1.23 | Rake $0.06 | Jackpot $0 | Bingo $0 | Fortune $0
Board [Tc Js Ah 2c As]
Seat 1: aa990d88 (button) showed [Qd Jd] and lost with Pair of Aces and Pair of Jacks
Seat 2: 15799f96 (small blind) folded before Flop
Seat 3: 6083a527 (big blind) showed [Ac 9c] and won ($1.17) with Three Aces
Seat 4: 792c39fa folded before Flop (didn't bet)
Seat 5: 1b214f81 folded before Flop (didn't bet)
Seat 6: Hero folded before Flop (didn't bet)


Poker Hand #RC1468710789: Hold'em No Limit  ($0.05/$0.1) - 2023/04/12 22:16:46
Table 'RushAndCash5686049' 6-max Seat #1 is the button
Seat 1: Hero ($9.48 in chips)
Seat 2: b3823cc9 ($12.8 in chips)
Seat 3: a7ab6ce5 ($11.42 in chips)
Seat 4: 7ef5507f ($12.34 in chips)
Seat 5: c5476668 ($10.15 in chips)
Seat 6: d5ca6347 ($10 in chips)
b3823cc9: posts small blind $0.05
a7ab6ce5: posts big blind $0.1
*** HOLE CARDS ***
Dealt to Hero [3s 4h]
Dealt to b3823cc9 
Dealt to a7ab6ce5 
Dealt to 7ef5507f 
Dealt to c5476668 
Dealt to d5ca6347 
7ef5507f: folds
c5476668: folds
d5ca6347: folds
Hero: folds
b3823cc9: folds
Uncalled bet ($0.05) returned to a7ab6ce5
*** SHOWDOWN ***
a7ab6ce5 collected $0.1 from pot
*** SUMMARY ***
Total pot $0.1 | Rake $0 | Jackpot $0 | Bingo $0 | Fortune $0
Seat 1: Hero (button) folded before Flop (didn't bet)
Seat 2: b3823cc9 (small blind) folded before Flop
Seat 3: a7ab6ce5 (big blind) collected ($0.1)
Seat 4: 7ef5507f folded before Flop (didn't bet)
Seat 5: c5476668 folded before Flop (didn't bet)
Seat 6: d5ca6347 folded before Flop (didn't bet)


Poker Hand #RC1468710728: Hold'em No Limit  ($0.05/$0.1) - 2023/04/12 22:16:36
Table 'RushAndCash5685988' 6-max Seat #1 is the button
Seat 1: 4cc332fd ($14.79 in chips)
Seat 2: Hero ($9.53 in chips)
Seat 3: 328f77bc ($9.89 in chips)
Seat 4: 8252aef6 ($10.82 in chips)
Seat 5: b3823cc9 ($12.8 in chips)
Seat 6: 6d9ea5ed ($28.27 in chips)
Hero: posts small blind $0.05
328f77bc: posts big blind $0.1
*** HOLE CARDS ***
Dealt to 4cc332fd 
Dealt to Hero [7s 9s]
Dealt to 328f77bc 
Dealt to 8252aef6 
Dealt to b3823cc9 
Dealt to 6d9ea5ed 
8252aef6: raises $0.1 to $0.2
b3823cc9: folds
6d9ea5ed: folds
4cc332fd: folds
Hero: folds
328f77bc: raises $0.45 to $0.65
8252aef6: folds
Uncalled bet ($0.45) returned to 328f77bc
*** SHOWDOWN ***
328f77bc collected $0.43 from pot
*** SUMMARY ***
Total pot $0.45 | Rake $0.02 | Jackpot $0 | Bingo $0 | Fortune $0
Seat 1: 4cc332fd (button) folded before Flop (didn't bet)
Seat 2: Hero (small blind) folded before Flop
Seat 3: 328f77bc (big blind) collected ($0.43)
Seat 4: 8252aef6 folded before Flop
Seat 5: b3823cc9 folded before Flop (didn't bet)
Seat 6: 6d9ea5ed folded before Flop (didn't bet)


Poker Hand #RC1468710610: Hold'em No Limit  ($0.05/$0.1) - 2023/04/12 22:16:14
Table 'RushAndCash5685870' 6-max Seat #1 is the button
Seat 1: d5375abb ($5.15 in chips)
Seat 2: 3c7c0c29 ($66.4 in chips)
Seat 3: Hero ($9.63 in chips)
Seat 4: 5b23f3cb ($10.89 in chips)
Seat 5: dcb2bef0 ($19.53 in chips)
Seat 6: 334d1d8b ($22.66 in chips)
3c7c0c29: posts small blind $0.05
Hero: posts big blind $0.1
*** HOLE CARDS ***
Dealt to d5375abb 
Dealt to 3c7c0c29 
Dealt to Hero [Th 8h]
Dealt to 5b23f3cb 
Dealt to dcb2bef0 
Dealt to 334d1d8b 
5b23f3cb: raises $0.1 to $0.2
dcb2bef0: folds
334d1d8b: folds
d5375abb: folds
3c7c0c29: folds
Hero: folds
Uncalled bet ($0.1) returned to 5b23f3cb
*** SHOWDOWN ***
5b23f3cb collected $0.25 from pot
*** SUMMARY ***
Total pot $0.25 | Rake $0 | Jackpot $0 | Bingo $0 | Fortune $0
Seat 1: d5375abb (button) folded before Flop (didn't bet)
Seat 2: 3c7c0c29 (small blind) folded before Flop
Seat 3: Hero (big blind) folded before Flop
Seat 4: 5b23f3cb collected ($0.25)
Seat 5: dcb2bef0 folded before Flop (didn't bet)
Seat 6: 334d1d8b folded before Flop (didn't bet)


Poker Hand #RC1468710573: Hold'em No Limit  ($0.05/$0.1) - 2023/04/12 22:16:08
Table 'RushAndCash5685833' 6-max Seat #1 is the button
Seat 1: a59c264a ($9.98 in chips)
Seat 2: cd9ff53b ($15.54 in chips)
Seat 3: 35050b88 ($9.01 in chips)
Seat 4: b5f0d35e ($7.76 in chips)
Seat 5: Hero ($9.63 in chips)
Seat 6: 334d1d8b ($22.66 in chips)
cd9ff53b: posts small blind $0.05
35050b88: posts big blind $0.1
*** HOLE CARDS ***
Dealt to a59c264a 
Dealt to cd9ff53b 
Dealt to 35050b88 
Dealt to b5f0d35e 
Dealt to Hero [Ks 6h]
Dealt to 334d1d8b 
b5f0d35e: raises $0.1 to $0.2
Hero: folds
334d1d8b: folds
a59c264a: folds
cd9ff53b: calls $0.15
35050b88: calls $0.1
*** FLOP *** [As 7s Kc]
cd9ff53b: checks
35050b88: checks
b5f0d35e: bets $0.2
cd9ff53b: folds
35050b88: calls $0.2
*** TURN *** [As 7s Kc] [Qd]
35050b88: checks
b5f0d35e: bets $0.5
35050b88: folds
Uncalled bet ($0.5) returned to b5f0d35e
*** SHOWDOWN ***
b5f0d35e collected $0.95 from pot
*** SUMMARY ***
Total pot $1 | Rake $0.05 | Jackpot $0 | Bingo $0 | Fortune $0
Board [As 7s Kc Qd]
Seat 1: a59c264a (button) folded before Flop (didn't bet)
Seat 2: cd9ff53b (small blind) folded on the Flop
Seat 3: 35050b88 (big blind) folded on the Turn
Seat 4: b5f0d35e won ($0.95)
Seat 5: Hero folded before Flop (didn't bet)
Seat 6: 334d1d8b folded before Flop (didn't bet)


Poker Hand #RC1468710546: Hold'em No Limit  ($0.05/$0.1) - 2023/04/12 22:16:04
Table 'RushAndCash5685806' 6-max Seat #1 is the button
Seat 1: 4006d9d1 ($11.14 in chips)
Seat 2: 334d1d8b ($22.71 in chips)
Seat 3: bb2f8a78 ($25.38 in chips)
Seat 4: Hero ($9.63 in chips)
Seat 5: 25b2f733 ($12.09 in chips)
Seat 6: f9b6451f ($10 in chips)
334d1d8b: posts small blind $0.05
bb2f8a78: posts big blind $0.1
*** HOLE CARDS ***
Dealt to 4006d9d1 
Dealt to 334d1d8b 
Dealt to bb2f8a78 
Dealt to Hero [Kh 6h]
Dealt to 25b2f733 
Dealt to f9b6451f 
Hero: folds
25b2f733: folds
f9b6451f: folds
4006d9d1: raises $0.1 to $0.2
334d1d8b: folds
bb2f8a78: folds
Uncalled bet ($0.1) returned to 4006d9d1
*** SHOWDOWN ***
4006d9d1 collected $0.25 from pot
*** SUMMARY ***
Total pot $0.25 | Rake $0 | Jackpot $0 | Bingo $0 | Fortune $0
Seat 1: 4006d9d1 (button) collected ($0.25)
Seat 2: 334d1d8b (small blind) folded before Flop
Seat 3: bb2f8a78 (big blind) folded before Flop
Seat 4: Hero folded before Flop (didn't bet)
Seat 5: 25b2f733 folded before Flop (didn't bet)
Seat 6: f9b6451f folded before Flop (didn't bet)


Poker Hand #RC1468710527: Hold'em No Limit  ($0.05/$0.1) - 2023/04/12 22:15:59
Table 'RushAndCash5685787' 6-max Seat #1 is the button
Seat 1: f3fa304e ($12.19 in chips)
Seat 2: c85a66a2 ($12.51 in chips)
Seat 3: 334d1d8b ($22.81 in chips)
Seat 4: Hero ($9.63 in chips)
Seat 5: 8e8dc40b ($11.76 in chips)
Seat 6: 7ef5507f ($12.49 in chips)
c85a66a2: posts small blind $0.05
334d1d8b: posts big blind $0.1
*** HOLE CARDS ***
Dealt to f3fa304e 
Dealt to c85a66a2 
Dealt to 334d1d8b 
Dealt to Hero [Ks 8s]
Dealt to 8e8dc40b 
Dealt to 7ef5507f 
Hero: folds
8e8dc40b: folds
7ef5507f: folds
f3fa304e: raises $0.15 to $0.25
c85a66a2: folds
334d1d8b: folds
Uncalled bet ($0.15) returned to f3fa304e
*** SHOWDOWN ***
f3fa304e collected $0.25 from pot
*** SUMMARY ***
Total pot $0.25 | Rake $0 | Jackpot $0 | Bingo $0 | Fortune $0
Seat 1: f3fa304e (button) collected ($0.25)
Seat 2: c85a66a2 (small blind) folded before Flop
Seat 3: 334d1d8b (big blind) folded before Flop
Seat 4: Hero folded before Flop (didn't bet)
Seat 5: 8e8dc40b folded before Flop (didn't bet)
Seat 6: 7ef5507f folded before Flop (didn't bet)


Poker Hand #RC1468710503: Hold'em No Limit  ($0.05/$0.1) - 2023/04/12 22:15:55
Table 'RushAndCash5685763' 6-max Seat #1 is the button
Seat 1: Hero ($9.63 in chips)
Seat 2: 48e4b316 ($18.03 in chips)
Seat 3: 6ae9e025 ($5.92 in chips)
Seat 4: de40ad35 ($16.4 in chips)
Seat 5: 7c19137f ($32.25 in chips)
Seat 6: 5b23f3cb ($10.89 in chips)
48e4b316: posts small blind $0.05
6ae9e025: posts big blind $0.1
*** HOLE CARDS ***
Dealt to Hero [2h 4h]
Dealt to 48e4b316 
Dealt to 6ae9e025 
Dealt to de40ad35 
Dealt to 7c19137f 
Dealt to 5b23f3cb 
de40ad35: folds
7c19137f: folds
5b23f3cb: folds
Hero: folds
48e4b316: folds
Uncalled bet ($0.05) returned to 6ae9e025
*** SHOWDOWN ***
6ae9e025 collected $0.1 from pot
*** SUMMARY ***
Total pot $0.1 | Rake $0 | Jackpot $0 | Bingo $0 | Fortune $0
Seat 1: Hero (button) folded before Flop (didn't bet)
Seat 2: 48e4b316 (small blind) folded before Flop
Seat 3: 6ae9e025 (big blind) collected ($0.1)
Seat 4: de40ad35 folded before Flop (didn't bet)
Seat 5: 7c19137f folded before Flop (didn't bet)
Seat 6: 5b23f3cb folded before Flop (didn't bet)


Poker Hand #RC1468710458: Hold'em No Limit  ($0.05/$0.1) - 2023/04/12 22:15:48
Table 'RushAndCash5685718' 6-max Seat #1 is the button
Seat 1: 21033a03 ($10 in chips)
Seat 2: Hero ($9.68 in chips)
Seat 3: 4588472a ($12.82 in chips)
Seat 4: b1a6a643 ($10.75 in chips)
Seat 5: 48e4b316 ($18.03 in chips)
Seat 6: 2ffa5376 ($10.15 in chips)
Hero: posts small blind $0.05
4588472a: posts big blind $0.1
*** HOLE CARDS ***
Dealt to 21033a03 
Dealt to Hero [7h 5h]
Dealt to 4588472a 
Dealt to b1a6a643 
Dealt to 48e4b316 
Dealt to 2ffa5376 
b1a6a643: raises $0.2 to $0.3
48e4b316: folds
2ffa5376: folds
21033a03: calls $0.3
Hero: folds
4588472a: folds
*** FLOP *** [Jc Kh 5s]
b1a6a643: bets $0.38
21033a03: folds
Uncalled bet ($0.38) returned to b1a6a643
*** SHOWDOWN ***
b1a6a643 collected $0.72 from pot
*** SUMMARY ***
Total pot $0.75 | Rake $0.03 | Jackpot $0 | Bingo $0 | Fortune $0
Board [Jc Kh 5s]
Seat 1: 21033a03 (button) folded on the Flop
Seat 2: Hero (small blind) folded before Flop
Seat 3: 4588472a (big blind) folded before Flop
Seat 4: b1a6a643 won ($0.72)
Seat 5: 48e4b316 folded before Flop (didn't bet)
Seat 6: 2ffa5376 folded before Flop (didn't bet)


Poker Hand #RC1468710434: Hold'em No Limit  ($0.05/$0.1) - 2023/04/12 22:15:43
Table 'RushAndCash5685694' 6-max Seat #1 is the button
Seat 1: 777fadd6 ($10 in chips)
Seat 2: 40a7ec7e ($17.42 in chips)
Seat 3: Hero ($9.78 in chips)
Seat 4: 40a33d6a ($10.99 in chips)
Seat 5: 609924f6 ($10 in chips)
Seat 6: 2ffa5376 ($10.15 in chips)
40a7ec7e: posts small blind $0.05
Hero: posts big blind $0.1
*** HOLE CARDS ***
Dealt to 777fadd6 
Dealt to 40a7ec7e 
Dealt to Hero [6s Jd]
Dealt to 40a33d6a 
Dealt to 609924f6 
Dealt to 2ffa5376 
40a33d6a: raises $0.15 to $0.25
609924f6: folds
2ffa5376: folds
777fadd6: folds
40a7ec7e: calls $0.2
Hero: folds
*** FLOP *** [Ad As 6d]
40a7ec7e: checks
40a33d6a: bets $0.2
40a7ec7e: folds
Uncalled bet ($0.2) returned to 40a33d6a
*** SHOWDOWN ***
40a33d6a collected $0.57 from pot
*** SUMMARY ***
Total pot $0.6 | Rake $0.03 | Jackpot $0 | Bingo $0 | Fortune $0
Board [Ad As 6d]
Seat 1: 777fadd6 (button) folded before Flop (didn't bet)
Seat 2: 40a7ec7e (small blind) folded on the Flop
Seat 3: Hero (big blind) folded before Flop
Seat 4: 40a33d6a won ($0.57)
Seat 5: 609924f6 folded before Flop (didn't bet)
Seat 6: 2ffa5376 folded before Flop (didn't bet)


Poker Hand #RC1468710411: Hold'em No Limit  ($0.05/$0.1) - 2023/04/12 22:15:37
Table 'RushAndCash5685671' 6-max Seat #1 is the button
Seat 1: 4006d9d1 ($10.99 in chips)
Seat 2: 972258d6 ($33.89 in chips)
Seat 3: 748594ac ($10.82 in chips)
Seat 4: 92e5524d ($11.32 in chips)
Seat 5: Hero ($9.78 in chips)
Seat 6: b4e6a924 ($18.36 in chips)
972258d6: posts small blind $0.05
748594ac: posts big blind $0.1
*** HOLE CARDS ***
Dealt to 4006d9d1 
Dealt to 972258d6 
Dealt to 748594ac 
Dealt to 92e5524d 
Dealt to Hero [5h Qd]
Dealt to b4e6a924 
92e5524d: folds
Hero: folds
b4e6a924: raises $0.1 to $0.2
4006d9d1: folds
972258d6: folds
748594ac: calls $0.1
*** FLOP *** [9s 4h 8h]
748594ac: checks
b4e6a924: checks
*** TURN *** [9s 4h 8h] [Ts]
748594ac: checks
b4e6a924: checks
*** RIVER *** [9s 4h 8h Ts] [Td]
748594ac: bets $0.13
b4e6a924: folds
Uncalled bet ($0.13) returned to 748594ac
*** SHOWDOWN ***
748594ac collected $0.43 from pot
*** SUMMARY ***
Total pot $0.45 | Rake $0.02 | Jackpot $0 | Bingo $0 | Fortune $0
Board [9s 4h 8h Ts Td]
Seat 1: 4006d9d1 (button) folded before Flop (didn't bet)
Seat 2: 972258d6 (small blind) folded before Flop
Seat 3: 748594ac (big blind) won ($0.43)
Seat 4: 92e5524d folded before Flop (didn't bet)
Seat 5: Hero folded before Flop (didn't bet)
Seat 6: b4e6a924 folded on the River


Poker Hand #RC1468710370: Hold'em No Limit  ($0.05/$0.1) - 2023/04/12 22:15:30
Table 'RushAndCash5685630' 6-max Seat #1 is the button
Seat 1: 5626ebd2 ($14.73 in chips)
Seat 2: 8f9a6467 ($57.41 in chips)
Seat 3: ecc2622b ($10.27 in chips)
Seat 4: b9693421 ($33.61 in chips)
Seat 5: Hero ($9.78 in chips)
Seat 6: 34c761bf ($12.57 in chips)
8f9a6467: posts small blind $0.05
ecc2622b: posts big blind $0.1
*** HOLE CARDS ***
Dealt to 5626ebd2 
Dealt to 8f9a6467 
Dealt to ecc2622b 
Dealt to b9693421 
Dealt to Hero [3c 8c]
Dealt to 34c761bf 
b9693421: folds
Hero: folds
34c761bf: folds
5626ebd2: folds
8f9a6467: raises $0.2 to $0.3
ecc2622b: raises $0.6 to $0.9
8f9a6467: folds
Uncalled bet ($0.6) returned to ecc2622b
*** SHOWDOWN ***
ecc2622b collected $0.57 from pot
*** SUMMARY ***
Total pot $0.6 | Rake $0.03 | Jackpot $0 | Bingo $0 | Fortune $0
Seat 1: 5626ebd2 (button) folded before Flop (didn't bet)
Seat 2: 8f9a6467 (small blind) folded before Flop
Seat 3: ecc2622b (big blind) collected ($0.57)
Seat 4: b9693421 folded before Flop (didn't bet)
Seat 5: Hero folded before Flop (didn't bet)
Seat 6: 34c761bf folded before Flop (didn't bet)


Poker Hand #RC1468710349: Hold'em No Limit  ($0.05/$0.1) - 2023/04/12 22:15:26
Table 'RushAndCash5685609' 6-max Seat #1 is the button
Seat 1: 6f1033d ($10.39 in chips)
Seat 2: 2deff89e ($11.3 in chips)
Seat 3: acc311b8 ($13.33 in chips)
Seat 4: Hero ($9.78 in chips)
Seat 5: 5c4e37d2 ($17.47 in chips)
Seat 6: 67d2d0bc ($10 in chips)
2deff89e: posts small blind $0.05
acc311b8: posts big blind $0.1
*** HOLE CARDS ***
Dealt to 6f1033d 
Dealt to 2deff89e 
Dealt to acc311b8 
Dealt to Hero [3h Ts]
Dealt to 5c4e37d2 
Dealt to 67d2d0bc 
Hero: folds
5c4e37d2: folds
67d2d0bc: folds
6f1033d: folds
2deff89e: folds
Uncalled bet ($0.05) returned to acc311b8
*** SHOWDOWN ***
acc311b8 collected $0.1 from pot
*** SUMMARY ***
Total pot $0.1 | Rake $0 | Jackpot $0 | Bingo $0 | Fortune $0
Seat 1: 6f1033d (button) folded before Flop (didn't bet)
Seat 2: 2deff89e (small blind) folded before Flop
Seat 3: acc311b8 (big blind) collected ($0.1)
Seat 4: Hero folded before Flop (didn't bet)
Seat 5: 5c4e37d2 folded before Flop (didn't bet)
Seat 6: 67d2d0bc folded before Flop (didn't bet)


Poker Hand #RC1468710326: Hold'em No Limit  ($0.05/$0.1) - 2023/04/12 22:15:22
Table 'RushAndCash5685586' 6-max Seat #1 is the button
Seat 1: Hero ($9.78 in chips)
Seat 2: d7001014 ($16.61 in chips)
Seat 3: fb949783 ($12.26 in chips)
Seat 4: a27fb65b ($10.1 in chips)
Seat 5: b9c3c978 ($8.34 in chips)
Seat 6: aaa3f41c ($10.35 in chips)
d7001014: posts small blind $0.05
fb949783: posts big blind $0.1
*** HOLE CARDS ***
Dealt to Hero [4c Ts]
Dealt to d7001014 
Dealt to fb949783 
Dealt to a27fb65b 
Dealt to b9c3c978 
Dealt to aaa3f41c 
a27fb65b: folds
b9c3c978: folds
aaa3f41c: folds
Hero: folds
d7001014: raises $0.1 to $0.2
fb949783: folds
Uncalled bet ($0.1) returned to d7001014
*** SHOWDOWN ***
d7001014 collected $0.2 from pot
*** SUMMARY ***
Total pot $0.2 | Rake $0 | Jackpot $0 | Bingo $0 | Fortune $0
Seat 1: Hero (button) folded before Flop (didn't bet)
Seat 2: d7001014 (small blind) collected ($0.2)
Seat 3: fb949783 (big blind) folded before Flop
Seat 4: a27fb65b folded before Flop (didn't bet)
Seat 5: b9c3c978 folded before Flop (didn't bet)
Seat 6: aaa3f41c folded before Flop (didn't bet)


Poker Hand #RC1468710219: Hold'em No Limit  ($0.05/$0.1) - 2023/04/12 22:15:03
Table 'RushAndCash5685479' 6-max Seat #1 is the button
Seat 1: c9c743d2 ($10.32 in chips)
Seat 2: Hero ($9.68 in chips)
Seat 3: 73e850b5 ($11.32 in chips)
Seat 4: 40a33d6a ($11.14 in chips)
Seat 5: b432b969 ($5.15 in chips)
Seat 6: 73f2d164 ($8.4 in chips)
Hero: posts small blind $0.05
73e850b5: posts big blind $0.1
*** HOLE CARDS ***
Dealt to c9c743d2 
Dealt to Hero [Ac Qh]
Dealt to 73e850b5 
Dealt to 40a33d6a 
Dealt to b432b969 
Dealt to 73f2d164 
40a33d6a: folds
b432b969: folds
73f2d164: folds
c9c743d2: folds
Hero: raises $0.2 to $0.3
73e850b5: folds
Uncalled bet ($0.2) returned to Hero
*** SHOWDOWN ***
Hero collected $0.2 from pot
*** SUMMARY ***
Total pot $0.2 | Rake $0 | Jackpot $0 | Bingo $0 | Fortune $0
Seat 1: c9c743d2 (button) folded before Flop (didn't bet)
Seat 2: Hero (small blind) collected ($0.2)
Seat 3: 73e850b5 (big blind) folded before Flop
Seat 4: 40a33d6a folded before Flop (didn't bet)
Seat 5: b432b969 folded before Flop (didn't bet)
Seat 6: 73f2d164 folded before Flop (didn't bet)


Poker Hand #RC1468710196: Hold'em No Limit  ($0.05/$0.1) - 2023/04/12 22:14:59
Table 'RushAndCash5685456' 6-max Seat #1 is the button
Seat 1: 73e850b5 ($11.32 in chips)
Seat 2: ab619e2b ($2.79 in chips)
Seat 3: Hero ($9.78 in chips)
Seat 4: 7bc4abee ($11.12 in chips)
Seat 5: 97aa44c8 ($10.69 in chips)
Seat 6: aead5c46 ($10.45 in chips)
ab619e2b: posts small blind $0.05
Hero: posts big blind $0.1
*** HOLE CARDS ***
Dealt to 73e850b5 
Dealt to ab619e2b 
Dealt to Hero [9c 5s]
Dealt to 7bc4abee 
Dealt to 97aa44c8 
Dealt to aead5c46 
7bc4abee: raises $0.13 to $0.23
97aa44c8: folds
aead5c46: folds
73e850b5: folds
ab619e2b: folds
Hero: folds
Uncalled bet ($0.13) returned to 7bc4abee
*** SHOWDOWN ***
7bc4abee collected $0.25 from pot
*** SUMMARY ***
Total pot $0.25 | Rake $0 | Jackpot $0 | Bingo $0 | Fortune $0
Seat 1: 73e850b5 (button) folded before Flop (didn't bet)
Seat 2: ab619e2b (small blind) folded before Flop
Seat 3: Hero (big blind) folded before Flop
Seat 4: 7bc4abee collected ($0.25)
Seat 5: 97aa44c8 folded before Flop (didn't bet)
Seat 6: aead5c46 folded before Flop (didn't bet)


Poker Hand #RC1468710171: Hold'em No Limit  ($0.05/$0.1) - 2023/04/12 22:14:55
Table 'RushAndCash5685431' 6-max Seat #1 is the button
Seat 1: 40a33d6a ($11.14 in chips)
Seat 2: b810ea68 ($9.98 in chips)
Seat 3: 9c7c86e9 ($5.15 in chips)
Seat 4: 6b2b8a12 ($7.5 in chips)
Seat 5: Hero ($9.78 in chips)
Seat 6: 5cf3cbba ($29.55 in chips)
b810ea68: posts small blind $0.05
9c7c86e9: posts big blind $0.1
*** HOLE CARDS ***
Dealt to 40a33d6a 
Dealt to b810ea68 
Dealt to 9c7c86e9 
Dealt to 6b2b8a12 
Dealt to Hero [Jc 4s]
Dealt to 5cf3cbba 
6b2b8a12: folds
Hero: folds
5cf3cbba: raises $0.2 to $0.3
40a33d6a: folds
b810ea68: calls $0.25
9c7c86e9: calls $0.2
*** FLOP *** [9s Qs Tc]
b810ea68: checks
9c7c86e9: checks
5cf3cbba: checks
*** TURN *** [9s Qs Tc] [Qc]
b810ea68: bets $0.3
9c7c86e9: folds
5cf3cbba: folds
Uncalled bet ($0.3) returned to b810ea68
*** SHOWDOWN ***
b810ea68 collected $0.86 from pot
*** SUMMARY ***
Total pot $0.9 | Rake $0.04 | Jackpot $0 | Bingo $0 | Fortune $0
Board [9s Qs Tc Qc]
Seat 1: 40a33d6a (button) folded before Flop (didn't bet)
Seat 2: b810ea68 (small blind) won ($0.86)
Seat 3: 9c7c86e9 (big blind) folded on the Turn
Seat 4: 6b2b8a12 folded before Flop (didn't bet)
Seat 5: Hero folded before Flop (didn't bet)
Seat 6: 5cf3cbba folded on the Turn


Poker Hand #RC1468710147: Hold'em No Limit  ($0.05/$0.1) - 2023/04/12 22:14:51
Table 'RushAndCash5685407' 6-max Seat #1 is the button
Seat 1: 2c1e3ac9 ($12.63 in chips)
Seat 2: 4b8e8ea1 ($10 in chips)
Seat 3: 7d6041fb ($10.82 in chips)
Seat 4: 77599d85 ($11.78 in chips)
Seat 5: Hero ($9.78 in chips)
Seat 6: 40a33d6a ($11.14 in chips)
4b8e8ea1: posts small blind $0.05
7d6041fb: posts big blind $0.1
*** HOLE CARDS ***
Dealt to 2c1e3ac9 
Dealt to 4b8e8ea1 
Dealt to 7d6041fb 
Dealt to 77599d85 
Dealt to Hero [Jd 3d]
Dealt to 40a33d6a 
77599d85: raises $0.15 to $0.25
Hero: folds
40a33d6a: folds
2c1e3ac9: folds
4b8e8ea1: folds
7d6041fb: folds
Uncalled bet ($0.15) returned to 77599d85
*** SHOWDOWN ***
77599d85 collected $0.25 from pot
*** SUMMARY ***
Total pot $0.25 | Rake $0 | Jackpot $0 | Bingo $0 | Fortune $0
Seat 1: 2c1e3ac9 (button) folded before Flop (didn't bet)
Seat 2: 4b8e8ea1 (small blind) folded before Flop
Seat 3: 7d6041fb (big blind) folded before Flop
Seat 4: 77599d85 collected ($0.25)
Seat 5: Hero folded before Flop (didn't bet)
Seat 6: 40a33d6a folded before Flop (didn't bet)


Poker Hand #RC1468710125: Hold'em No Limit  ($0.05/$0.1) - 2023/04/12 22:14:47
Table 'RushAndCash5685385' 6-max Seat #1 is the button
Seat 1: 828d764d ($11.05 in chips)
Seat 2: a8bd9702 ($13.88 in chips)
Seat 3: a27fb65b ($10 in chips)
Seat 4: 73e850b5 ($11.32 in chips)
Seat 5: 6f54d6be ($10.15 in chips)
Seat 6: Hero ($9.78 in chips)
a8bd9702: posts small blind $0.05
a27fb65b: posts big blind $0.1
*** HOLE CARDS ***
Dealt to 828d764d 
Dealt to a8bd9702 
Dealt to a27fb65b 
Dealt to 73e850b5 
Dealt to 6f54d6be 
Dealt to Hero [3c 9c]
73e850b5: folds
6f54d6be: folds
Hero: folds
828d764d: folds
a8bd9702: folds
Uncalled bet ($0.05) returned to a27fb65b
*** SHOWDOWN ***
a27fb65b collected $0.1 from pot
*** SUMMARY ***
Total pot $0.1 | Rake $0 | Jackpot $0 | Bingo $0 | Fortune $0
Seat 1: 828d764d (button) folded before Flop (didn't bet)
Seat 2: a8bd9702 (small blind) folded before Flop
Seat 3: a27fb65b (big blind) collected ($0.1)
Seat 4: 73e850b5 folded before Flop (didn't bet)
Seat 5: 6f54d6be folded before Flop (didn't bet)
Seat 6: Hero folded before Flop (didn't bet)


Poker Hand #RC1468710094: Hold'em No Limit  ($0.05/$0.1) - 2023/04/12 22:14:41
Table 'RushAndCash5685354' 6-max Seat #1 is the button
Seat 1: Hero ($9.78 in chips)
Seat 2: d5ca6347 ($10 in chips)
Seat 3: 159af6af ($10.18 in chips)
Seat 4: 7e77947 ($38.42 in chips)
Seat 5: 34512d64 ($12.5 in chips)
Seat 6: ab52364b ($15.23 in chips)
d5ca6347: posts small blind $0.05
159af6af: posts big blind $0.1
*** HOLE CARDS ***
Dealt to Hero [6d 5s]
Dealt to d5ca6347 
Dealt to 159af6af 
Dealt to 7e77947 
Dealt to 34512d64 
Dealt to ab52364b 
7e77947: folds
34512d64: calls $0.1
ab52364b: folds
Hero: folds
d5ca6347: folds
159af6af: raises $0.25 to $0.35
34512d64: calls $0.25
*** FLOP *** [7c Jc 4c]
159af6af: checks
34512d64: bets $0.25
159af6af: folds
Uncalled bet ($0.25) returned to 34512d64
*** SHOWDOWN ***
34512d64 collected $0.71 from pot
*** SUMMARY ***
Total pot $0.75 | Rake $0.04 | Jackpot $0 | Bingo $0 | Fortune $0
Board [7c Jc 4c]
Seat 1: Hero (button) folded before Flop (didn't bet)
Seat 2: d5ca6347 (small blind) folded before Flop
Seat 3: 159af6af (big blind) folded on the Flop
Seat 4: 7e77947 folded before Flop (didn't bet)
Seat 5: 34512d64 won ($0.71)
Seat 6: ab52364b folded before Flop (didn't bet)


Poker Hand #RC1468710071: Hold'em No Limit  ($0.05/$0.1) - 2023/04/12 22:14:36
Table 'RushAndCash5685331' 6-max Seat #1 is the button
Seat 1: 4ad160bb ($10.23 in chips)
Seat 2: Hero ($9.83 in chips)
Seat 3: c4bff5cb ($9.2 in chips)
Seat 4: ee4a4dee ($10.56 in chips)
Seat 5: dbecd289 ($10.15 in chips)
Seat 6: bf67afa0 ($10.02 in chips)
Hero: posts small blind $0.05
c4bff5cb: posts big blind $0.1
*** HOLE CARDS ***
Dealt to 4ad160bb 
Dealt to Hero [Qh 7d]
Dealt to c4bff5cb 
Dealt to ee4a4dee 
Dealt to dbecd289 
Dealt to bf67afa0 
ee4a4dee: folds
dbecd289: raises $0.2 to $0.3
bf67afa0: folds
4ad160bb: folds
Hero: folds
c4bff5cb: folds
Uncalled bet ($0.2) returned to dbecd289
*** SHOWDOWN ***
dbecd289 collected $0.25 from pot
*** SUMMARY ***
Total pot $0.25 | Rake $0 | Jackpot $0 | Bingo $0 | Fortune $0
Seat 1: 4ad160bb (button) folded before Flop (didn't bet)
Seat 2: Hero (small blind) folded before Flop
Seat 3: c4bff5cb (big blind) folded before Flop
Seat 4: ee4a4dee folded before Flop (didn't bet)
Seat 5: dbecd289 collected ($0.25)
Seat 6: bf67afa0 folded before Flop (didn't bet)


Poker Hand #RC1468710017: Hold'em No Limit  ($0.05/$0.1) - 2023/04/12 22:14:26
Table 'RushAndCash5685277' 6-max Seat #1 is the button
Seat 1: 22df332a ($16.61 in chips)
Seat 2: d7001014 ($16.96 in chips)
Seat 3: Hero ($9.93 in chips)
Seat 4: 972258d6 ($34.09 in chips)
Seat 5: c6a196d5 ($10 in chips)
Seat 6: bec07344 ($11.33 in chips)
d7001014: posts small blind $0.05
Hero: posts big blind $0.1
*** HOLE CARDS ***
Dealt to 22df332a 
Dealt to d7001014 
Dealt to Hero [Qd 6c]
Dealt to 972258d6 
Dealt to c6a196d5 
Dealt to bec07344 
972258d6: folds
c6a196d5: folds
bec07344: raises $0.15 to $0.25
22df332a: raises $0.5 to $0.75
d7001014: folds
Hero: folds
bec07344: raises $1.75 to $2.5
22df332a: raises $14.11 to $16.61 and is all-in
bec07344: folds
Uncalled bet ($14.11) returned to 22df332a
*** SHOWDOWN ***
22df332a collected $4.75 from pot
*** SUMMARY ***
Total pot $5.15 | Rake $0.25 | Jackpot $0.15 | Bingo $0 | Fortune $0
Seat 1: 22df332a (button) collected ($4.75)
Seat 2: d7001014 (small blind) folded before Flop
Seat 3: Hero (big blind) folded before Flop
Seat 4: 972258d6 folded before Flop (didn't bet)
Seat 5: c6a196d5 folded before Flop (didn't bet)
Seat 6: bec07344 folded before Flop


Poker Hand #RC1468709994: Hold'em No Limit  ($0.05/$0.1) - 2023/04/12 22:14:21
Table 'RushAndCash5685254' 6-max Seat #1 is the button
Seat 1: 122322fb ($7.28 in chips)
Seat 2: 2f4efeea ($8.13 in chips)
Seat 3: 60bf14a5 ($10 in chips)
Seat 4: 8d6b34b6 ($10 in chips)
Seat 5: Hero ($9.93 in chips)
Seat 6: c4bff5cb ($9.2 in chips)
2f4efeea: posts small blind $0.05
60bf14a5: posts big blind $0.1
*** HOLE CARDS ***
Dealt to 122322fb 
Dealt to 2f4efeea 
Dealt to 60bf14a5 
Dealt to 8d6b34b6 
Dealt to Hero [8s Th]
Dealt to c4bff5cb 
8d6b34b6: folds
Hero: folds
c4bff5cb: folds
122322fb: folds
2f4efeea: folds
Uncalled bet ($0.05) returned to 60bf14a5
*** SHOWDOWN ***
60bf14a5 collected $0.1 from pot
*** SUMMARY ***
Total pot $0.1 | Rake $0 | Jackpot $0 | Bingo $0 | Fortune $0
Seat 1: 122322fb (button) folded before Flop (didn't bet)
Seat 2: 2f4efeea (small blind) folded before Flop
Seat 3: 60bf14a5 (big blind) collected ($0.1)
Seat 4: 8d6b34b6 folded before Flop (didn't bet)
Seat 5: Hero folded before Flop (didn't bet)
Seat 6: c4bff5cb folded before Flop (didn't bet)


Poker Hand #RC1468709964: Hold'em No Limit  ($0.05/$0.1) - 2023/04/12 22:14:16
Table 'RushAndCash5685224' 6-max Seat #1 is the button
Seat 1: 2ab545f3 ($11.18 in chips)
Seat 2: 59efc88e ($16.77 in chips)
Seat 3: fa56fdb4 ($10.93 in chips)
Seat 4: 1b214f81 ($10.96 in chips)
Seat 5: 563ef301 ($10.7 in chips)
Seat 6: Hero ($9.93 in chips)
59efc88e: posts small blind $0.05
fa56fdb4: posts big blind $0.1
*** HOLE CARDS ***
Dealt to 2ab545f3 
Dealt to 59efc88e 
Dealt to fa56fdb4 
Dealt to 1b214f81 
Dealt to 563ef301 
Dealt to Hero [Kh 2h]
1b214f81: folds
563ef301: folds
Hero: folds
2ab545f3: folds
59efc88e: folds
Uncalled bet ($0.05) returned to fa56fdb4
*** SHOWDOWN ***
fa56fdb4 collected $0.1 from pot
*** SUMMARY ***
Total pot $0.1 | Rake $0 | Jackpot $0 | Bingo $0 | Fortune $0
Seat 1: 2ab545f3 (button) folded before Flop (didn't bet)
Seat 2: 59efc88e (small blind) folded before Flop
Seat 3: fa56fdb4 (big blind) collected ($0.1)
Seat 4: 1b214f81 folded before Flop (didn't bet)
Seat 5: 563ef301 folded before Flop (didn't bet)
Seat 6: Hero folded before Flop (didn't bet)


Poker Hand #RC1468709937: Hold'em No Limit  ($0.05/$0.1) - 2023/04/12 22:14:10
Table 'RushAndCash5685197' 6-max Seat #1 is the button
Seat 1: 13c7789f ($10.22 in chips)
Seat 2: 98da4ae8 ($7.73 in chips)
Seat 3: 47cef973 ($19.29 in chips)
Seat 4: Hero ($9.93 in chips)
Seat 5: 117e6638 ($26.72 in chips)
Seat 6: 2bf4fb2c ($11.26 in chips)
98da4ae8: posts small blind $0.05
47cef973: posts big blind $0.1
*** HOLE CARDS ***
Dealt to 13c7789f 
Dealt to 98da4ae8 
Dealt to 47cef973 
Dealt to Hero [8d 9c]
Dealt to 117e6638 
Dealt to 2bf4fb2c 
Hero: folds
117e6638: folds
2bf4fb2c: folds
13c7789f: folds
98da4ae8: raises $0.15 to $0.25
47cef973: raises $0.5 to $0.75
98da4ae8: calls $0.5
*** FLOP *** [Ah 8s 3c]
98da4ae8: checks
47cef973: bets $0.75
98da4ae8: folds
Uncalled bet ($0.75) returned to 47cef973
*** SHOWDOWN ***
47cef973 collected $1.43 from pot
*** SUMMARY ***
Total pot $1.5 | Rake $0.07 | Jackpot $0 | Bingo $0 | Fortune $0
Board [Ah 8s 3c]
Seat 1: 13c7789f (button) folded before Flop (didn't bet)
Seat 2: 98da4ae8 (small blind) folded on the Flop
Seat 3: 47cef973 (big blind) won ($1.43)
Seat 4: Hero folded before Flop (didn't bet)
Seat 5: 117e6638 folded before Flop (didn't bet)
Seat 6: 2bf4fb2c folded before Flop (didn't bet)


Poker Hand #RC1468709866: Hold'em No Limit  ($0.05/$0.1) - 2023/04/12 22:13:57
Table 'RushAndCash5685126' 6-max Seat #1 is the button
Seat 1: Hero ($9.93 in chips)
Seat 2: 629dc639 ($10.32 in chips)
Seat 3: 45bbef4a ($10.89 in chips)
Seat 4: 395d6489 ($17.26 in chips)
Seat 5: 45df838f ($19.04 in chips)
Seat 6: 2897976f ($34.32 in chips)
629dc639: posts small blind $0.05
45bbef4a: posts big blind $0.1
*** HOLE CARDS ***
Dealt to Hero [Ac 4h]
Dealt to 629dc639 
Dealt to 45bbef4a 
Dealt to 395d6489 
Dealt to 45df838f 
Dealt to 2897976f 
395d6489: calls $0.1
45df838f: folds
2897976f: folds
Hero: folds
629dc639: folds
45bbef4a: checks
*** FLOP *** [6d Kc Kd]
45bbef4a: checks
395d6489: checks
*** TURN *** [6d Kc Kd] [6h]
45bbef4a: bets $0.1
395d6489: folds
Uncalled bet ($0.1) returned to 45bbef4a
*** SHOWDOWN ***
45bbef4a collected $0.24 from pot
*** SUMMARY ***
Total pot $0.25 | Rake $0.01 | Jackpot $0 | Bingo $0 | Fortune $0
Board [6d Kc Kd 6h]
Seat 1: Hero (button) folded before Flop (didn't bet)
Seat 2: 629dc639 (small blind) folded before Flop
Seat 3: 45bbef4a (big blind) won ($0.24)
Seat 4: 395d6489 folded on the Turn
Seat 5: 45df838f folded before Flop (didn't bet)
Seat 6: 2897976f folded before Flop (didn't bet)


Poker Hand #RC1468709537: Hold'em No Limit  ($0.05/$0.1) - 2023/04/12 22:13:01
Table 'RushAndCash5684797' 6-max Seat #1 is the button
Seat 1: 395d6489 ($17.64 in chips)
Seat 2: Hero ($9.49 in chips)
Seat 3: 2ab194e7 ($13.85 in chips)
Seat 4: ced5b0c9 ($10.69 in chips)
Seat 5: 65cafbb4 ($9.95 in chips)
Seat 6: 58ae7651 ($12.28 in chips)
Hero: posts small blind $0.05
2ab194e7: posts big blind $0.1
*** HOLE CARDS ***
Dealt to 395d6489 
Dealt to Hero [As Qd]
Dealt to 2ab194e7 
Dealt to ced5b0c9 
Dealt to 65cafbb4 
Dealt to 58ae7651 
ced5b0c9: folds
65cafbb4: folds
58ae7651: folds
395d6489: calls $0.1
Hero: raises $0.28 to $0.38
2ab194e7: folds
395d6489: calls $0.28
*** FLOP *** [Qc Qh 5d]
Hero: checks
395d6489: checks
*** TURN *** [Qc Qh 5d] [8d]
Hero: bets $0.58
395d6489: folds
Uncalled bet ($0.58) returned to Hero
*** SHOWDOWN ***
Hero collected $0.82 from pot
*** SUMMARY ***
Total pot $0.86 | Rake $0.04 | Jackpot $0 | Bingo $0 | Fortune $0
Board [Qc Qh 5d 8d]
Seat 1: 395d6489 (button) folded on the Turn
Seat 2: Hero (small blind) won ($0.82)
Seat 3: 2ab194e7 (big blind) folded before Flop
Seat 4: ced5b0c9 folded before Flop (didn't bet)
Seat 5: 65cafbb4 folded before Flop (didn't bet)
Seat 6: 58ae7651 folded before Flop (didn't bet)


Poker Hand #RC1468709481: Hold'em No Limit  ($0.05/$0.1) - 2023/04/12 22:12:52
Table 'RushAndCash5684741' 6-max Seat #1 is the button
Seat 1: 293e887f ($10.57 in chips)
Seat 2: 787a8614 ($13.07 in chips)
Seat 3: Hero ($9.59 in chips)
Seat 4: cc39b78 ($12.73 in chips)
Seat 5: dac90093 ($10.27 in chips)
Seat 6: ce1270a1 ($10.98 in chips)
787a8614: posts small blind $0.05
Hero: posts big blind $0.1
*** HOLE CARDS ***
Dealt to 293e887f 
Dealt to 787a8614 
Dealt to Hero [6s 8c]
Dealt to cc39b78 
Dealt to dac90093 
Dealt to ce1270a1 
cc39b78: folds
dac90093: folds
ce1270a1: folds
293e887f: raises $0.13 to $0.23
787a8614: folds
Hero: folds
Uncalled bet ($0.13) returned to 293e887f
*** SHOWDOWN ***
293e887f collected $0.25 from pot
*** SUMMARY ***
Total pot $0.25 | Rake $0 | Jackpot $0 | Bingo $0 | Fortune $0
Seat 1: 293e887f (button) collected ($0.25)
Seat 2: 787a8614 (small blind) folded before Flop
Seat 3: Hero (big blind) folded before Flop
Seat 4: cc39b78 folded before Flop (didn't bet)
Seat 5: dac90093 folded before Flop (didn't bet)
Seat 6: ce1270a1 folded before Flop (didn't bet)


Poker Hand #RC1468709436: Hold'em No Limit  ($0.05/$0.1) - 2023/04/12 22:12:44
Table 'RushAndCash5684696' 6-max Seat #1 is the button
Seat 1: 1fea327c ($13.7 in chips)
Seat 2: 5ead13 ($22.01 in chips)
Seat 3: 152a8a27 ($12.11 in chips)
Seat 4: 3822f2d6 ($25.07 in chips)
Seat 5: Hero ($9.59 in chips)
Seat 6: ac0c5a32 ($15.59 in chips)
5ead13: posts small blind $0.05
152a8a27: posts big blind $0.1
*** HOLE CARDS ***
Dealt to 1fea327c 
Dealt to 5ead13 
Dealt to 152a8a27 
Dealt to 3822f2d6 
Dealt to Hero [8d 3c]
Dealt to ac0c5a32 
3822f2d6: folds
Hero: folds
ac0c5a32: folds
1fea327c: folds
5ead13: folds
Uncalled bet ($0.05) returned to 152a8a27
*** SHOWDOWN ***
152a8a27 collected $0.1 from pot
*** SUMMARY ***
Total pot $0.1 | Rake $0 | Jackpot $0 | Bingo $0 | Fortune $0
Seat 1: 1fea327c (button) folded before Flop (didn't bet)
Seat 2: 5ead13 (small blind) folded before Flop
Seat 3: 152a8a27 (big blind) collected ($0.1)
Seat 4: 3822f2d6 folded before Flop (didn't bet)
Seat 5: Hero folded before Flop (didn't bet)
Seat 6: ac0c5a32 folded before Flop (didn't bet)


Poker Hand #RC1468709407: Hold'em No Limit  ($0.05/$0.1) - 2023/04/12 22:12:37
Table 'RushAndCash5684667' 6-max Seat #1 is the button
Seat 1: f6899749 ($10 in chips)
Seat 2: 5c4e37d2 ($16.9 in chips)
Seat 3: 3e21e9b7 ($19.28 in chips)
Seat 4: Hero ($9.59 in chips)
Seat 5: 41c4b3e6 ($10.78 in chips)
Seat 6: f5559e60 ($9.07 in chips)
5c4e37d2: posts small blind $0.05
3e21e9b7: posts big blind $0.1
*** HOLE CARDS ***
Dealt to f6899749 
Dealt to 5c4e37d2 
Dealt to 3e21e9b7 
Dealt to Hero [6s 4s]
Dealt to 41c4b3e6 
Dealt to f5559e60 
Hero: folds
41c4b3e6: raises $0.25 to $0.35
f5559e60: folds
f6899749: folds
5c4e37d2: raises $0.75 to $1.1
3e21e9b7: folds
41c4b3e6: folds
Uncalled bet ($0.75) returned to 5c4e37d2
*** SHOWDOWN ***
5c4e37d2 collected $0.76 from pot
*** SUMMARY ***
Total pot $0.8 | Rake $0.04 | Jackpot $0 | Bingo $0 | Fortune $0
Seat 1: f6899749 (button) folded before Flop (didn't bet)
Seat 2: 5c4e37d2 (small blind) collected ($0.76)
Seat 3: 3e21e9b7 (big blind) folded before Flop
Seat 4: Hero folded before Flop (didn't bet)
Seat 5: 41c4b3e6 folded before Flop
Seat 6: f5559e60 folded before Flop (didn't bet)


Poker Hand #RC1468709378: Hold'em No Limit  ($0.05/$0.1) - 2023/04/12 22:12:32
Table 'RushAndCash5684638' 6-max Seat #1 is the button
Seat 1: 2ebda5bf ($10.33 in chips)
Seat 2: 5adfb17c ($16.75 in chips)
Seat 3: bec07344 ($11.25 in chips)
Seat 4: Hero ($9.59 in chips)
Seat 5: 4d2a11f5 ($11.53 in chips)
Seat 6: 46b3f62e ($10.1 in chips)
5adfb17c: posts small blind $0.05
bec07344: posts big blind $0.1
*** HOLE CARDS ***
Dealt to 2ebda5bf 
Dealt to 5adfb17c 
Dealt to bec07344 
Dealt to Hero [9c Td]
Dealt to 4d2a11f5 
Dealt to 46b3f62e 
Hero: folds
4d2a11f5: folds
46b3f62e: folds
2ebda5bf: folds
5adfb17c: folds
Uncalled bet ($0.05) returned to bec07344
*** SHOWDOWN ***
bec07344 collected $0.1 from pot
*** SUMMARY ***
Total pot $0.1 | Rake $0 | Jackpot $0 | Bingo $0 | Fortune $0
Seat 1: 2ebda5bf (button) folded before Flop (didn't bet)
Seat 2: 5adfb17c (small blind) folded before Flop
Seat 3: bec07344 (big blind) collected ($0.1)
Seat 4: Hero folded before Flop (didn't bet)
Seat 5: 4d2a11f5 folded before Flop (didn't bet)
Seat 6: 46b3f62e folded before Flop (didn't bet)


Poker Hand #RC1468709345: Hold'em No Limit  ($0.05/$0.1) - 2023/04/12 22:12:27
Table 'RushAndCash5684605' 6-max Seat #1 is the button
Seat 1: Hero ($9.59 in chips)
Seat 2: 73e850b5 ($11.57 in chips)
Seat 3: 2ab545f3 ($11.58 in chips)
Seat 4: 51533718 ($19.22 in chips)
Seat 5: e30d0961 ($22.41 in chips)
Seat 6: 5a993cfe ($9.85 in chips)
73e850b5: posts small blind $0.05
2ab545f3: posts big blind $0.1
*** HOLE CARDS ***
Dealt to Hero [3d 9h]
Dealt to 73e850b5 
Dealt to 2ab545f3 
Dealt to 51533718 
Dealt to e30d0961 
Dealt to 5a993cfe 
51533718: raises $0.1 to $0.2
e30d0961: folds
5a993cfe: folds
Hero: folds
73e850b5: raises $1 to $1.2
2ab545f3: folds
51533718: folds
Uncalled bet ($1) returned to 73e850b5
*** SHOWDOWN ***
73e850b5 collected $0.48 from pot
*** SUMMARY ***
Total pot $0.5 | Rake $0.02 | Jackpot $0 | Bingo $0 | Fortune $0
Seat 1: Hero (button) folded before Flop (didn't bet)
Seat 2: 73e850b5 (small blind) collected ($0.48)
Seat 3: 2ab545f3 (big blind) folded before Flop
Seat 4: 51533718 folded before Flop
Seat 5: e30d0961 folded before Flop (didn't bet)
Seat 6: 5a993cfe folded before Flop (didn't bet)


Poker Hand #RC1468709293: Hold'em No Limit  ($0.05/$0.1) - 2023/04/12 22:12:16
Table 'RushAndCash5684553' 6-max Seat #1 is the button
Seat 1: 5adb6068 ($10.15 in chips)
Seat 2: c699f643 ($16.36 in chips)
Seat 3: 2ebda5bf ($10.48 in chips)
Seat 4: 77599d85 ($10.5 in chips)
Seat 5: 5e32701f ($14 in chips)
Seat 6: Hero ($9.59 in chips)
c699f643: posts small blind $0.05
2ebda5bf: posts big blind $0.1
*** HOLE CARDS ***
Dealt to 5adb6068 
Dealt to c699f643 
Dealt to 2ebda5bf 
Dealt to 77599d85 
Dealt to 5e32701f 
Dealt to Hero [Qh 6d]
77599d85: folds
5e32701f: raises $0.13 to $0.23
Hero: folds
5adb6068: folds
c699f643: folds
2ebda5bf: folds
Uncalled bet ($0.13) returned to 5e32701f
*** SHOWDOWN ***
5e32701f collected $0.25 from pot
*** SUMMARY ***
Total pot $0.25 | Rake $0 | Jackpot $0 | Bingo $0 | Fortune $0
Seat 1: 5adb6068 (button) folded before Flop (didn't bet)
Seat 2: c699f643 (small blind) folded before Flop
Seat 3: 2ebda5bf (big blind) folded before Flop
Seat 4: 77599d85 folded before Flop (didn't bet)
Seat 5: 5e32701f collected ($0.25)
Seat 6: Hero folded before Flop (didn't bet)


Poker Hand #RC1468709223: Hold'em No Limit  ($0.05/$0.1) - 2023/04/12 22:12:04
Table 'RushAndCash5684483' 6-max Seat #1 is the button
Seat 1: c3e8c846 ($12.14 in chips)
Seat 2: Hero ($9.64 in chips)
Seat 3: 6c6bb6ae ($28.96 in chips)
Seat 4: cf0d5b2f ($15.13 in chips)
Seat 5: 80564c39 ($10.57 in chips)
Seat 6: ee50cc3f ($13.32 in chips)
Hero: posts small blind $0.05
6c6bb6ae: posts big blind $0.1
*** HOLE CARDS ***
Dealt to c3e8c846 
Dealt to Hero [6h Th]
Dealt to 6c6bb6ae 
Dealt to cf0d5b2f 
Dealt to 80564c39 
Dealt to ee50cc3f 
cf0d5b2f: raises $0.25 to $0.35
80564c39: folds
ee50cc3f: folds
c3e8c846: folds
Hero: folds
6c6bb6ae: folds
Uncalled bet ($0.25) returned to cf0d5b2f
*** SHOWDOWN ***
cf0d5b2f collected $0.25 from pot
*** SUMMARY ***
Total pot $0.25 | Rake $0 | Jackpot $0 | Bingo $0 | Fortune $0
Seat 1: c3e8c846 (button) folded before Flop (didn't bet)
Seat 2: Hero (small blind) folded before Flop
Seat 3: 6c6bb6ae (big blind) folded before Flop
Seat 4: cf0d5b2f collected ($0.25)
Seat 5: 80564c39 folded before Flop (didn't bet)
Seat 6: ee50cc3f folded before Flop (didn't bet)


Poker Hand #RC1468708851: Hold'em No Limit  ($0.05/$0.1) - 2023/04/12 22:10:59
Table 'RushAndCash5684111' 6-max Seat #1 is the button
Seat 1: ee50cc3f ($12.79 in chips)
Seat 2: ced5b0c9 ($11.62 in chips)
Seat 3: Hero ($10.17 in chips)
Seat 4: 2deff89e ($10 in chips)
Seat 5: 92dfabd9 ($13.47 in chips)
Seat 6: 35e2b3a5 ($9.92 in chips)
ced5b0c9: posts small blind $0.05
Hero: posts big blind $0.1
*** HOLE CARDS ***
Dealt to ee50cc3f 
Dealt to ced5b0c9 
Dealt to Hero [Ks Tc]
Dealt to 2deff89e 
Dealt to 92dfabd9 
Dealt to 35e2b3a5 
2deff89e: folds
92dfabd9: folds
35e2b3a5: folds
ee50cc3f: raises $0.15 to $0.25
ced5b0c9: folds
Hero: calls $0.15
*** FLOP *** [Th 7c Qc]
Hero: checks
ee50cc3f: bets $0.28
Hero: calls $0.28
*** TURN *** [Th 7c Qc] [4c]
Hero: checks
ee50cc3f: bets $0.84
Hero: folds
Uncalled bet ($0.84) returned to ee50cc3f
*** SHOWDOWN ***
ee50cc3f collected $1.06 from pot
*** SUMMARY ***
Total pot $1.11 | Rake $0.05 | Jackpot $0 | Bingo $0 | Fortune $0
Board [Th 7c Qc 4c]
Seat 1: ee50cc3f (button) won ($1.06)
Seat 2: ced5b0c9 (small blind) folded before Flop
Seat 3: Hero (big blind) folded on the Turn
Seat 4: 2deff89e folded before Flop (didn't bet)
Seat 5: 92dfabd9 folded before Flop (didn't bet)
Seat 6: 35e2b3a5 folded before Flop (didn't bet)


Poker Hand #RC1468708820: Hold'em No Limit  ($0.05/$0.1) - 2023/04/12 22:10:54
Table 'RushAndCash5684080' 6-max Seat #1 is the button
Seat 1: a9c4494b ($18.78 in chips)
Seat 2: cacc19a2 ($21.98 in chips)
Seat 3: b436687d ($24.44 in chips)
Seat 4: Hero ($10.17 in chips)
Seat 5: a7bef4d6 ($10 in chips)
Seat 6: 95889654 ($10.3 in chips)
cacc19a2: posts small blind $0.05
b436687d: posts big blind $0.1
*** HOLE CARDS ***
Dealt to a9c4494b 
Dealt to cacc19a2 
Dealt to b436687d 
Dealt to Hero [7h 6s]
Dealt to a7bef4d6 
Dealt to 95889654 
Hero: folds
a7bef4d6: folds
95889654: folds
a9c4494b: folds
cacc19a2: raises $0.2 to $0.3
b436687d: folds
Uncalled bet ($0.2) returned to cacc19a2
*** SHOWDOWN ***
cacc19a2 collected $0.2 from pot
*** SUMMARY ***
Total pot $0.2 | Rake $0 | Jackpot $0 | Bingo $0 | Fortune $0
Seat 1: a9c4494b (button) folded before Flop (didn't bet)
Seat 2: cacc19a2 (small blind) collected ($0.2)
Seat 3: b436687d (big blind) folded before Flop
Seat 4: Hero folded before Flop (didn't bet)
Seat 5: a7bef4d6 folded before Flop (didn't bet)
Seat 6: 95889654 folded before Flop (didn't bet)


Poker Hand #RC1468708791: Hold'em No Limit  ($0.05/$0.1) - 2023/04/12 22:10:49
Table 'RushAndCash5684051' 6-max Seat #1 is the button
Seat 1: 2ebda5bf ($9.08 in chips)
Seat 2: 28aff7f9 ($11.82 in chips)
Seat 3: 7d8e24ef ($29.41 in chips)
Seat 4: Hero ($10.17 in chips)
Seat 5: 4d2a11f5 ($12.31 in chips)
Seat 6: b436687d ($24.44 in chips)
28aff7f9: posts small blind $0.05
7d8e24ef: posts big blind $0.1
*** HOLE CARDS ***
Dealt to 2ebda5bf 
Dealt to 28aff7f9 
Dealt to 7d8e24ef 
Dealt to Hero [4c 6d]
Dealt to 4d2a11f5 
Dealt to b436687d 
Hero: folds
4d2a11f5: folds
b436687d: folds
2ebda5bf: raises $0.15 to $0.25
28aff7f9: folds
7d8e24ef: calls $0.15
*** FLOP *** [6s Kd 7d]
7d8e24ef: checks
2ebda5bf: bets $0.42
7d8e24ef: calls $0.42
*** TURN *** [6s Kd 7d] [8s]
7d8e24ef: checks
2ebda5bf: bets $0.66
7d8e24ef: calls $0.66
*** RIVER *** [6s Kd 7d 8s] [3d]
7d8e24ef: checks
2ebda5bf: checks
7d8e24ef: shows [Kc 5c] (Pair of Kings)
2ebda5bf: shows [Ks Jc] (Pair of Kings)
*** SHOWDOWN ***
2ebda5bf collected $2.58 from pot
*** SUMMARY ***
Total pot $2.71 | Rake $0.13 | Jackpot $0 | Bingo $0 | Fortune $0
Board [6s Kd 7d 8s 3d]
Seat 1: 2ebda5bf (button) showed [Ks Jc] and won ($2.58) with Pair of Kings
Seat 2: 28aff7f9 (small blind) folded before Flop
Seat 3: 7d8e24ef (big blind) showed [Kc 5c] and lost with Pair of Kings
Seat 4: Hero folded before Flop (didn't bet)
Seat 5: 4d2a11f5 folded before Flop (didn't bet)
Seat 6: b436687d folded before Flop (didn't bet)


Poker Hand #RC1468708724: Hold'em No Limit  ($0.05/$0.1) - 2023/04/12 22:10:38
Table 'RushAndCash5683984' 6-max Seat #1 is the button
Seat 1: Hero ($10.17 in chips)
Seat 2: b3bc1449 ($10.35 in chips)
Seat 3: 9ff85287 ($10 in chips)
Seat 4: 1c2cba84 ($10.07 in chips)
Seat 5: c70889c5 ($9.35 in chips)
Seat 6: dc5506dd ($10.53 in chips)
b3bc1449: posts small blind $0.05
9ff85287: posts big blind $0.1
*** HOLE CARDS ***
Dealt to Hero [Ac Jh]
Dealt to b3bc1449 
Dealt to 9ff85287 
Dealt to 1c2cba84 
Dealt to c70889c5 
Dealt to dc5506dd 
1c2cba84: raises $0.15 to $0.25
c70889c5: raises $0.65 to $0.9
dc5506dd: folds
Hero: folds
b3bc1449: folds
9ff85287: folds
1c2cba84: folds
Uncalled bet ($0.65) returned to c70889c5
*** SHOWDOWN ***
c70889c5 collected $0.62 from pot
*** SUMMARY ***
Total pot $0.65 | Rake $0.03 | Jackpot $0 | Bingo $0 | Fortune $0
Seat 1: Hero (button) folded before Flop (didn't bet)
Seat 2: b3bc1449 (small blind) folded before Flop
Seat 3: 9ff85287 (big blind) folded before Flop
Seat 4: 1c2cba84 folded before Flop
Seat 5: c70889c5 collected ($0.62)
Seat 6: dc5506dd folded before Flop (didn't bet)


Poker Hand #RC1468708545: Hold'em No Limit  ($0.05/$0.1) - 2023/04/12 22:10:08
Table 'RushAndCash5683805' 6-max Seat #1 is the button
Seat 1: 7d295956 ($8.85 in chips)
Seat 2: Hero ($9.9 in chips)
Seat 3: 769bf7b2 ($10 in chips)
Seat 4: de40ad35 ($10.2 in chips)
Seat 5: 329aef8f ($16.87 in chips)
Seat 6: 7ef5507f ($10.1 in chips)
Hero: posts small blind $0.05
769bf7b2: posts big blind $0.1
*** HOLE CARDS ***
Dealt to 7d295956 
Dealt to Hero [Ac Ah]
Dealt to 769bf7b2 
Dealt to de40ad35 
Dealt to 329aef8f 
Dealt to 7ef5507f 
de40ad35: folds
329aef8f: folds
7ef5507f: folds
7d295956: folds
Hero: raises $0.2 to $0.3
769bf7b2: calls $0.2
*** FLOP *** [Js Jd 9s]
Hero: bets $0.3
769bf7b2: folds
Uncalled bet ($0.3) returned to Hero
*** SHOWDOWN ***
Hero collected $0.57 from pot
*** SUMMARY ***
Total pot $0.6 | Rake $0.03 | Jackpot $0 | Bingo $0 | Fortune $0
Board [Js Jd 9s]
Seat 1: 7d295956 (button) folded before Flop (didn't bet)
Seat 2: Hero (small blind) won ($0.57)
Seat 3: 769bf7b2 (big blind) folded on the Flop
Seat 4: de40ad35 folded before Flop (didn't bet)
Seat 5: 329aef8f folded before Flop (didn't bet)
Seat 6: 7ef5507f folded before Flop (didn't bet)


Poker Hand #RC1468708459: Hold'em No Limit  ($0.05/$0.1) - 2023/04/12 22:09:52
Table 'RushAndCash5683719' 6-max Seat #1 is the button
Seat 1: c3e8c846 ($13.63 in chips)
Seat 2: 8b1d0a35 ($52.5 in chips)
Seat 3: Hero ($10 in chips)
Seat 4: d97e7c9d ($5.11 in chips)
Seat 5: 14ced043 ($24.02 in chips)
Seat 6: 5ead13 ($20.2 in chips)
8b1d0a35: posts small blind $0.05
Hero: posts big blind $0.1
*** HOLE CARDS ***
Dealt to c3e8c846 
Dealt to 8b1d0a35 
Dealt to Hero [9h Jd]
Dealt to d97e7c9d 
Dealt to 14ced043 
Dealt to 5ead13 
d97e7c9d: folds
14ced043: raises $0.15 to $0.25
5ead13: folds
c3e8c846: folds
8b1d0a35: folds
Hero: folds
Uncalled bet ($0.15) returned to 14ced043
*** SHOWDOWN ***
14ced043 collected $0.25 from pot
*** SUMMARY ***
Total pot $0.25 | Rake $0 | Jackpot $0 | Bingo $0 | Fortune $0
Seat 1: c3e8c846 (button) folded before Flop (didn't bet)
Seat 2: 8b1d0a35 (small blind) folded before Flop
Seat 3: Hero (big blind) folded before Flop
Seat 4: d97e7c9d folded before Flop (didn't bet)
Seat 5: 14ced043 collected ($0.25)
Seat 6: 5ead13 folded before Flop (didn't bet)


Poker Hand #RC1468708436: Hold'em No Limit  ($0.05/$0.1) - 2023/04/12 22:09:48
Table 'RushAndCash5683696' 6-max Seat #1 is the button
Seat 1: 5ee66052 ($19.65 in chips)
Seat 2: f285a611 ($10.33 in chips)
Seat 3: c7a43c8a ($15.2 in chips)
Seat 4: Hero ($10 in chips)
Seat 5: 667956ae ($12.45 in chips)
Seat 6: 2ebf3cbd ($10.58 in chips)
f285a611: posts small blind $0.05
c7a43c8a: posts big blind $0.1
*** HOLE CARDS ***
Dealt to 5ee66052 
Dealt to f285a611 
Dealt to c7a43c8a 
Dealt to Hero [5h Jh]
Dealt to 667956ae 
Dealt to 2ebf3cbd 
Hero: folds
667956ae: folds
2ebf3cbd: folds
5ee66052: folds
f285a611: folds
Uncalled bet ($0.05) returned to c7a43c8a
*** SHOWDOWN ***
c7a43c8a collected $0.1 from pot
*** SUMMARY ***
Total pot $0.1 | Rake $0 | Jackpot $0 | Bingo $0 | Fortune $0
Seat 1: 5ee66052 (button) folded before Flop (didn't bet)
Seat 2: f285a611 (small blind) folded before Flop
Seat 3: c7a43c8a (big blind) collected ($0.1)
Seat 4: Hero folded before Flop (didn't bet)
Seat 5: 667956ae folded before Flop (didn't bet)
Seat 6: 2ebf3cbd folded before Flop (didn't bet)


Poker Hand #RC1468708403: Hold'em No Limit  ($0.05/$0.1) - 2023/04/12 22:09:42
Table 'RushAndCash5683663' 6-max Seat #1 is the button
Seat 1: 34fd982b ($6.2 in chips)
Seat 2: d7001014 ($18.12 in chips)
Seat 3: 956bff6d ($15.74 in chips)
Seat 4: 2deff89e ($10.23 in chips)
Seat 5: Hero ($10 in chips)
Seat 6: 35050b88 ($10.12 in chips)
d7001014: posts small blind $0.05
956bff6d: posts big blind $0.1
*** HOLE CARDS ***
Dealt to 34fd982b 
Dealt to d7001014 
Dealt to 956bff6d 
Dealt to 2deff89e 
Dealt to Hero [Ts 3h]
Dealt to 35050b88 
2deff89e: folds
Hero: folds
35050b88: folds
34fd982b: raises $0.15 to $0.25
d7001014: folds
956bff6d: calls $0.15
*** FLOP *** [6h 7c 5c]
956bff6d: checks
34fd982b: bets $0.3
956bff6d: calls $0.3
*** TURN *** [6h 7c 5c] [Jd]
956bff6d: checks
34fd982b: checks
*** RIVER *** [6h 7c 5c Jd] [4d]
956bff6d: bets $0.82
34fd982b: folds
Uncalled bet ($0.82) returned to 956bff6d
*** SHOWDOWN ***
956bff6d collected $1.1 from pot
*** SUMMARY ***
Total pot $1.15 | Rake $0.05 | Jackpot $0 | Bingo $0 | Fortune $0
Board [6h 7c 5c Jd 4d]
Seat 1: 34fd982b (button) folded on the River
Seat 2: d7001014 (small blind) folded before Flop
Seat 3: 956bff6d (big blind) won ($1.1)
Seat 4: 2deff89e folded before Flop (didn't bet)
Seat 5: Hero folded before Flop (didn't bet)
Seat 6: 35050b88 folded before Flop (didn't bet)


Poker Hand #RC1468708370: Hold'em No Limit  ($0.05/$0.1) - 2023/04/12 22:09:36
Table 'RushAndCash5683630' 6-max Seat #1 is the button
Seat 1: 35050b88 ($10.12 in chips)
Seat 2: 8d6b34b6 ($10 in chips)
Seat 3: ee4a4dee ($10 in chips)
Seat 4: Hero ($10 in chips)
Seat 5: a8bd9702 ($14.15 in chips)
Seat 6: b29d1747 ($19.2 in chips)
8d6b34b6: posts small blind $0.05
ee4a4dee: posts big blind $0.1
*** HOLE CARDS ***
Dealt to 35050b88 
Dealt to 8d6b34b6 
Dealt to ee4a4dee 
Dealt to Hero [9d 7c]
Dealt to a8bd9702 
Dealt to b29d1747 
Hero: folds
a8bd9702: folds
b29d1747: folds
35050b88: folds
8d6b34b6: raises $0.2 to $0.3
ee4a4dee: calls $0.2
*** FLOP *** [5h 5c Ac]
8d6b34b6: checks
ee4a4dee: checks
*** TURN *** [5h 5c Ac] [Ts]
8d6b34b6: checks
ee4a4dee: checks
*** RIVER *** [5h 5c Ac Ts] [Js]
8d6b34b6: bets $0.45
ee4a4dee: folds
Uncalled bet ($0.45) returned to 8d6b34b6
*** SHOWDOWN ***
8d6b34b6 collected $0.57 from pot
*** SUMMARY ***
Total pot $0.6 | Rake $0.03 | Jackpot $0 | Bingo $0 | Fortune $0
Board [5h 5c Ac Ts Js]
Seat 1: 35050b88 (button) folded before Flop (didn't bet)
Seat 2: 8d6b34b6 (small blind) won ($0.57)
Seat 3: ee4a4dee (big blind) folded on the River
Seat 4: Hero folded before Flop (didn't bet)
Seat 5: a8bd9702 folded before Flop (didn't bet)
Seat 6: b29d1747 folded before Flop (didn't bet)


Poker Hand #RC1468708320: Hold'em No Limit  ($0.05/$0.1) - 2023/04/12 22:09:25
Table 'RushAndCash5683580' 6-max Seat #1 is the button
Seat 1: 3ef5f9fa ($9.23 in chips)
Seat 2: c763fce2 ($9.36 in chips)
Seat 3: 1052e5d6 ($4.04 in chips)
Seat 4: Hero ($10 in chips)
Seat 5: e8c59b85 ($13.06 in chips)
Seat 6: 1cbaf65f ($9.09 in chips)
c763fce2: posts small blind $0.05
1052e5d6: posts big blind $0.1
*** HOLE CARDS ***
Dealt to 3ef5f9fa 
Dealt to c763fce2 
Dealt to 1052e5d6 
Dealt to Hero [Qs 5h]
Dealt to e8c59b85 
Dealt to 1cbaf65f 
Hero: folds
e8c59b85: folds
1cbaf65f: folds
3ef5f9fa: raises $0.3 to $0.4
c763fce2: folds
1052e5d6: folds
Uncalled bet ($0.3) returned to 3ef5f9fa
*** SHOWDOWN ***
3ef5f9fa collected $0.25 from pot
*** SUMMARY ***
Total pot $0.25 | Rake $0 | Jackpot $0 | Bingo $0 | Fortune $0
Seat 1: 3ef5f9fa (button) collected ($0.25)
Seat 2: c763fce2 (small blind) folded before Flop
Seat 3: 1052e5d6 (big blind) folded before Flop
Seat 4: Hero folded before Flop (didn't bet)
Seat 5: e8c59b85 folded before Flop (didn't bet)
Seat 6: 1cbaf65f folded before Flop (didn't bet)


Poker Hand #RC1468708252: Hold'em No Limit  ($0.05/$0.1) - 2023/04/12 22:09:14
Table 'RushAndCash5683512' 6-max Seat #1 is the button
Seat 1: Hero ($10 in chips)
Seat 2: bec03f7 ($10.05 in chips)
Seat 3: 64c04809 ($15.47 in chips)
Seat 4: 28aff7f9 ($12.55 in chips)
Seat 5: daf3f907 ($10.1 in chips)
Seat 6: f2b49773 ($14.45 in chips)
bec03f7: posts small blind $0.05
64c04809: posts big blind $0.1
*** HOLE CARDS ***
Dealt to Hero [2h 4c]
Dealt to bec03f7 
Dealt to 64c04809 
Dealt to 28aff7f9 
Dealt to daf3f907 
Dealt to f2b49773 
28aff7f9: folds
daf3f907: folds
f2b49773: folds
Hero: folds
bec03f7: raises $0.2 to $0.3
64c04809: calls $0.2
*** FLOP *** [6h 2c 2s]
bec03f7: bets $0.3
64c04809: calls $0.3
*** TURN *** [6h 2c 2s] [6d]
bec03f7: checks
64c04809: checks
*** RIVER *** [6h 2c 2s 6d] [3h]
bec03f7: checks
64c04809: checks
bec03f7: shows [Kd As] (Pair of Sixes and Pair of Twos)
64c04809: shows [Ac 7h] (Pair of Sixes and Pair of Twos)
*** SHOWDOWN ***
bec03f7 collected $0.57 from pot
64c04809 collected $0.57 from pot
*** SUMMARY ***
Total pot $1.2 | Rake $0.06 | Jackpot $0 | Bingo $0 | Fortune $0
Board [6h 2c 2s 6d 3h]
Seat 1: Hero (button) folded before Flop (didn't bet)
Seat 2: bec03f7 (small blind) showed [Kd As] and won ($0.57) with Pair of Sixes and Pair of Twos
Seat 3: 64c04809 (big blind) showed [Ac 7h] and won ($0.57) with Pair of Sixes and Pair of Twos
Seat 4: 28aff7f9 folded before Flop (didn't bet)
Seat 5: daf3f907 folded before Flop (didn't bet)
Seat 6: f2b49773 folded before Flop (didn't bet)


Poker Hand #RC1468708199: Hold'em No Limit  ($0.05/$0.1) - 2023/04/12 22:09:04
Table 'RushAndCash5683459' 6-max Seat #1 is the button
Seat 1: 72e4ab1e ($17.21 in chips)
Seat 2: Hero ($10.05 in chips)
Seat 3: 51533718 ($20.6 in chips)
Seat 4: e705e92d ($10.82 in chips)
Seat 5: 1ed561b7 ($16.46 in chips)
Seat 6: 1b6c8638 ($16.05 in chips)
Hero: posts small blind $0.05
51533718: posts big blind $0.1
*** HOLE CARDS ***
Dealt to 72e4ab1e 
Dealt to Hero [9c Jh]
Dealt to 51533718 
Dealt to e705e92d 
Dealt to 1ed561b7 
Dealt to 1b6c8638 
e705e92d: folds
1ed561b7: folds
1b6c8638: folds
72e4ab1e: raises $0.15 to $0.25
Hero: folds
51533718: folds
Uncalled bet ($0.15) returned to 72e4ab1e
*** SHOWDOWN ***
72e4ab1e collected $0.25 from pot
*** SUMMARY ***
Total pot $0.25 | Rake $0 | Jackpot $0 | Bingo $0 | Fortune $0
Seat 1: 72e4ab1e (button) collected ($0.25)
Seat 2: Hero (small blind) folded before Flop
Seat 3: 51533718 (big blind) folded before Flop
Seat 4: e705e92d folded before Flop (didn't bet)
Seat 5: 1ed561b7 folded before Flop (didn't bet)
Seat 6: 1b6c8638 folded before Flop (didn't bet)


Poker Hand #RC1468708083: Hold'em No Limit  ($0.05/$0.1) - 2023/04/12 22:08:43
Table 'RushAndCash5683343' 6-max Seat #1 is the button
Seat 1: b0a30c1c ($19.57 in chips)
Seat 2: 2b73fed0 ($11.46 in chips)
Seat 3: Hero ($10 in chips)
Seat 4: 3c7c0c29 ($66.76 in chips)
Seat 5: 1b43483 ($9.48 in chips)
Seat 6: b8d72a00 ($10.32 in chips)
2b73fed0: posts small blind $0.05
Hero: posts big blind $0.1
*** HOLE CARDS ***
Dealt to b0a30c1c 
Dealt to 2b73fed0 
Dealt to Hero [Ad 2c]
Dealt to 3c7c0c29 
Dealt to 1b43483 
Dealt to b8d72a00 
3c7c0c29: folds
1b43483: folds
b8d72a00: folds
b0a30c1c: folds
2b73fed0: folds
Uncalled bet ($0.05) returned to Hero
*** SHOWDOWN ***
Hero collected $0.1 from pot
*** SUMMARY ***
Total pot $0.1 | Rake $0 | Jackpot $0 | Bingo $0 | Fortune $0
Seat 1: b0a30c1c (button) folded before Flop (didn't bet)
Seat 2: 2b73fed0 (small blind) folded before Flop
Seat 3: Hero (big blind) collected ($0.1)
Seat 4: 3c7c0c29 folded before Flop (didn't bet)
Seat 5: 1b43483 folded before Flop (didn't bet)
Seat 6: b8d72a00 folded before Flop (didn't bet)


