Poker Hand #RC1448677040: Hold'em No Limit  ($0.05/$0.1) - 2023/04/03 19:29:49
Table 'RushAndCash1392300' 6-max Seat #1 is the button
Seat 1: 37d2ab89 ($2.35 in chips)
Seat 2: c8a0f451 ($26.62 in chips)
Seat 3: 72bbdd56 ($16.2 in chips)
Seat 4: 75d05159 ($10.22 in chips)
Seat 5: Hero ($10.7 in chips)
Seat 6: cc3ea14a ($12.56 in chips)
c8a0f451: posts small blind $0.05
72bbdd56: posts big blind $0.1
*** HOLE CARDS ***
Dealt to 37d2ab89 
Dealt to c8a0f451 
Dealt to 72bbdd56 
Dealt to 75d05159 
Dealt to Hero [As 3d]
Dealt to cc3ea14a 
75d05159: folds
Hero: folds
cc3ea14a: folds
37d2ab89: folds
c8a0f451: raises $0.2 to $0.3
72bbdd56: folds
Uncalled bet ($0.2) returned to c8a0f451
*** SHOWDOWN ***
c8a0f451 collected $0.2 from pot
*** SUMMARY ***
Total pot $0.2 | Rake $0 | Jackpot $0 | Bingo $0 | Fortune $0
Seat 1: 37d2ab89 (button) folded before Flop (didn't bet)
Seat 2: c8a0f451 (small blind) collected ($0.2)
Seat 3: 72bbdd56 (big blind) folded before Flop
Seat 4: 75d05159 folded before Flop (didn't bet)
Seat 5: Hero folded before Flop (didn't bet)
Seat 6: cc3ea14a folded before Flop (didn't bet)


Poker Hand #RC1448677003: Hold'em No Limit  ($0.05/$0.1) - 2023/04/03 19:29:45
Table 'RushAndCash1392263' 6-max Seat #1 is the button
Seat 1: dfa98b7a ($11.71 in chips)
Seat 2: 7844701 ($10.35 in chips)
Seat 3: 796b5761 ($16.42 in chips)
Seat 4: 7b55b5b6 ($10.1 in chips)
Seat 5: Hero ($10.7 in chips)
Seat 6: 8b494d07 ($11.04 in chips)
7844701: posts small blind $0.05
796b5761: posts big blind $0.1
*** HOLE CARDS ***
Dealt to dfa98b7a 
Dealt to 7844701 
Dealt to 796b5761 
Dealt to 7b55b5b6 
Dealt to Hero [3s 2d]
Dealt to 8b494d07 
7b55b5b6: folds
Hero: folds
8b494d07: folds
dfa98b7a: folds
7844701: folds
Uncalled bet ($0.05) returned to 796b5761
*** SHOWDOWN ***
796b5761 collected $0.1 from pot
*** SUMMARY ***
Total pot $0.1 | Rake $0 | Jackpot $0 | Bingo $0 | Fortune $0
Seat 1: dfa98b7a (button) folded before Flop (didn't bet)
Seat 2: 7844701 (small blind) folded before Flop
Seat 3: 796b5761 (big blind) collected ($0.1)
Seat 4: 7b55b5b6 folded before Flop (didn't bet)
Seat 5: Hero folded before Flop (didn't bet)
Seat 6: 8b494d07 folded before Flop (didn't bet)


Poker Hand #RC1448676858: Hold'em No Limit  ($0.05/$0.1) - 2023/04/03 19:29:24
Table 'RushAndCash1392118' 6-max Seat #1 is the button
Seat 1: Hero ($10.55 in chips)
Seat 2: df483d2 ($9.7 in chips)
Seat 3: 400936f ($13 in chips)
Seat 4: 18ec7f89 ($19.71 in chips)
Seat 5: 1ca19497 ($10.72 in chips)
Seat 6: bc48658e ($31.71 in chips)
df483d2: posts small blind $0.05
400936f: posts big blind $0.1
*** HOLE CARDS ***
Dealt to Hero [Tc Ks]
Dealt to df483d2 
Dealt to 400936f 
Dealt to 18ec7f89 
Dealt to 1ca19497 
Dealt to bc48658e 
18ec7f89: folds
1ca19497: folds
bc48658e: folds
Hero: raises $0.15 to $0.25
df483d2: folds
400936f: folds
Uncalled bet ($0.15) returned to Hero
*** SHOWDOWN ***
Hero collected $0.25 from pot
*** SUMMARY ***
Total pot $0.25 | Rake $0 | Jackpot $0 | Bingo $0 | Fortune $0
Seat 1: Hero (button) collected ($0.25)
Seat 2: df483d2 (small blind) folded before Flop
Seat 3: 400936f (big blind) folded before Flop
Seat 4: 18ec7f89 folded before Flop (didn't bet)
Seat 5: 1ca19497 folded before Flop (didn't bet)
Seat 6: bc48658e folded before Flop (didn't bet)


Poker Hand #RC1448676817: Hold'em No Limit  ($0.05/$0.1) - 2023/04/03 19:29:18
Table 'RushAndCash1392077' 6-max Seat #1 is the button
Seat 1: 8e623747 ($10.98 in chips)
Seat 2: 4b7b05b0 ($10.42 in chips)
Seat 3: 9d993f94 ($10.73 in chips)
Seat 4: Hero ($10.55 in chips)
Seat 5: 8fa05d70 ($10.77 in chips)
Seat 6: 9cd798a9 ($20.94 in chips)
4b7b05b0: posts small blind $0.05
9d993f94: posts big blind $0.1
*** HOLE CARDS ***
Dealt to 8e623747 
Dealt to 4b7b05b0 
Dealt to 9d993f94 
Dealt to Hero [8d Js]
Dealt to 8fa05d70 
Dealt to 9cd798a9 
Hero: folds
8fa05d70: folds
9cd798a9: folds
8e623747: folds
4b7b05b0: folds
Uncalled bet ($0.05) returned to 9d993f94
*** SHOWDOWN ***
9d993f94 collected $0.1 from pot
*** SUMMARY ***
Total pot $0.1 | Rake $0 | Jackpot $0 | Bingo $0 | Fortune $0
Seat 1: 8e623747 (button) folded before Flop (didn't bet)
Seat 2: 4b7b05b0 (small blind) folded before Flop
Seat 3: 9d993f94 (big blind) collected ($0.1)
Seat 4: Hero folded before Flop (didn't bet)
Seat 5: 8fa05d70 folded before Flop (didn't bet)
Seat 6: 9cd798a9 folded before Flop (didn't bet)


Poker Hand #RC1448676779: Hold'em No Limit  ($0.05/$0.1) - 2023/04/03 19:29:12
Table 'RushAndCash1392039' 6-max Seat #1 is the button
Seat 1: 6f75b46e ($9.47 in chips)
Seat 2: 7efd1b1e ($9.67 in chips)
Seat 3: 18ec7f89 ($19.66 in chips)
Seat 4: 4a836f9f ($6.69 in chips)
Seat 5: Hero ($10.55 in chips)
Seat 6: 4dacf710 ($10.15 in chips)
7efd1b1e: posts small blind $0.05
18ec7f89: posts big blind $0.1
*** HOLE CARDS ***
Dealt to 6f75b46e 
Dealt to 7efd1b1e 
Dealt to 18ec7f89 
Dealt to 4a836f9f 
Dealt to Hero [8s Qd]
Dealt to 4dacf710 
4a836f9f: folds
Hero: folds
4dacf710: folds
6f75b46e: folds
7efd1b1e: folds
Uncalled bet ($0.05) returned to 18ec7f89
*** SHOWDOWN ***
18ec7f89 collected $0.1 from pot
*** SUMMARY ***
Total pot $0.1 | Rake $0 | Jackpot $0 | Bingo $0 | Fortune $0
Seat 1: 6f75b46e (button) folded before Flop (didn't bet)
Seat 2: 7efd1b1e (small blind) folded before Flop
Seat 3: 18ec7f89 (big blind) collected ($0.1)
Seat 4: 4a836f9f folded before Flop (didn't bet)
Seat 5: Hero folded before Flop (didn't bet)
Seat 6: 4dacf710 folded before Flop (didn't bet)


Poker Hand #RC1448676698: Hold'em No Limit  ($0.05/$0.1) - 2023/04/03 19:29:01
Table 'RushAndCash1391958' 6-max Seat #1 is the button
Seat 1: 3c3821a6 ($11.4 in chips)
Seat 2: Hero ($10.6 in chips)
Seat 3: 30ac4639 ($13.58 in chips)
Seat 4: 24b95e1b ($7.94 in chips)
Seat 5: 3dd7fa3d ($12.46 in chips)
Seat 6: be768759 ($12.01 in chips)
Hero: posts small blind $0.05
30ac4639: posts big blind $0.1
*** HOLE CARDS ***
Dealt to 3c3821a6 
Dealt to Hero [6d As]
Dealt to 30ac4639 
Dealt to 24b95e1b 
Dealt to 3dd7fa3d 
Dealt to be768759 
24b95e1b: folds
3dd7fa3d: folds
be768759: folds
3c3821a6: raises $0.15 to $0.25
Hero: folds
30ac4639: folds
Uncalled bet ($0.15) returned to 3c3821a6
*** SHOWDOWN ***
3c3821a6 collected $0.25 from pot
*** SUMMARY ***
Total pot $0.25 | Rake $0 | Jackpot $0 | Bingo $0 | Fortune $0
Seat 1: 3c3821a6 (button) collected ($0.25)
Seat 2: Hero (small blind) folded before Flop
Seat 3: 30ac4639 (big blind) folded before Flop
Seat 4: 24b95e1b folded before Flop (didn't bet)
Seat 5: 3dd7fa3d folded before Flop (didn't bet)
Seat 6: be768759 folded before Flop (didn't bet)


Poker Hand #RC1448676623: Hold'em No Limit  ($0.05/$0.1) - 2023/04/03 19:28:50
Table 'RushAndCash1391883' 6-max Seat #1 is the button
Seat 1: a1a674f3 ($10.3 in chips)
Seat 2: 7844701 ($10.35 in chips)
Seat 3: 709f47dc ($5.35 in chips)
Seat 4: 12247078 ($9.85 in chips)
Seat 5: Hero ($10.6 in chips)
Seat 6: 12384033 ($16.79 in chips)
7844701: posts small blind $0.05
709f47dc: posts big blind $0.1
*** HOLE CARDS ***
Dealt to a1a674f3 
Dealt to 7844701 
Dealt to 709f47dc 
Dealt to 12247078 
Dealt to Hero [8d Ac]
Dealt to 12384033 
12247078: folds
Hero: folds
12384033: raises $0.1 to $0.2
a1a674f3: folds
7844701: folds
709f47dc: folds
Uncalled bet ($0.1) returned to 12384033
*** SHOWDOWN ***
12384033 collected $0.25 from pot
*** SUMMARY ***
Total pot $0.25 | Rake $0 | Jackpot $0 | Bingo $0 | Fortune $0
Seat 1: a1a674f3 (button) folded before Flop (didn't bet)
Seat 2: 7844701 (small blind) folded before Flop
Seat 3: 709f47dc (big blind) folded before Flop
Seat 4: 12247078 folded before Flop (didn't bet)
Seat 5: Hero folded before Flop (didn't bet)
Seat 6: 12384033 collected ($0.25)


Poker Hand #RC1448676472: Hold'em No Limit  ($0.05/$0.1) - 2023/04/03 19:28:28
Table 'RushAndCash1391732' 6-max Seat #1 is the button
Seat 1: a1a674f3 ($10.45 in chips)
Seat 2: 3379e768 ($9.53 in chips)
Seat 3: Hero ($10.55 in chips)
Seat 4: 315b35f4 ($10.51 in chips)
Seat 5: f96507d1 ($10.71 in chips)
Seat 6: 7c1e41fc ($8.5 in chips)
3379e768: posts small blind $0.05
Hero: posts big blind $0.1
*** HOLE CARDS ***
Dealt to a1a674f3 
Dealt to 3379e768 
Dealt to Hero [4d 7d]
Dealt to 315b35f4 
Dealt to f96507d1 
Dealt to 7c1e41fc 
315b35f4: folds
f96507d1: folds
7c1e41fc: folds
a1a674f3: folds
3379e768: folds
Uncalled bet ($0.05) returned to Hero
*** SHOWDOWN ***
Hero collected $0.1 from pot
*** SUMMARY ***
Total pot $0.1 | Rake $0 | Jackpot $0 | Bingo $0 | Fortune $0
Seat 1: a1a674f3 (button) folded before Flop (didn't bet)
Seat 2: 3379e768 (small blind) folded before Flop
Seat 3: Hero (big blind) collected ($0.1)
Seat 4: 315b35f4 folded before Flop (didn't bet)
Seat 5: f96507d1 folded before Flop (didn't bet)
Seat 6: 7c1e41fc folded before Flop (didn't bet)


Poker Hand #RC1448676395: Hold'em No Limit  ($0.05/$0.1) - 2023/04/03 19:28:16
Table 'RushAndCash1391655' 6-max Seat #1 is the button
Seat 1: 178cded0 ($11.68 in chips)
Seat 2: 35b22583 ($6.85 in chips)
Seat 3: 2d6b7ef5 ($18.86 in chips)
Seat 4: Hero ($10.55 in chips)
Seat 5: 335fd73b ($9.75 in chips)
Seat 6: 20767e3f ($10.3 in chips)
35b22583: posts small blind $0.05
2d6b7ef5: posts big blind $0.1
*** HOLE CARDS ***
Dealt to 178cded0 
Dealt to 35b22583 
Dealt to 2d6b7ef5 
Dealt to Hero [7s 4s]
Dealt to 335fd73b 
Dealt to 20767e3f 
Hero: folds
335fd73b: raises $0.2 to $0.3
20767e3f: folds
178cded0: folds
35b22583: folds
2d6b7ef5: folds
Uncalled bet ($0.2) returned to 335fd73b
*** SHOWDOWN ***
335fd73b collected $0.25 from pot
*** SUMMARY ***
Total pot $0.25 | Rake $0 | Jackpot $0 | Bingo $0 | Fortune $0
Seat 1: 178cded0 (button) folded before Flop (didn't bet)
Seat 2: 35b22583 (small blind) folded before Flop
Seat 3: 2d6b7ef5 (big blind) folded before Flop
Seat 4: Hero folded before Flop (didn't bet)
Seat 5: 335fd73b collected ($0.25)
Seat 6: 20767e3f folded before Flop (didn't bet)


Poker Hand #RC1448675960: Hold'em No Limit  ($0.05/$0.1) - 2023/04/03 19:27:15
Table 'RushAndCash1391220' 6-max Seat #1 is the button
Seat 1: 2838583b ($10 in chips)
Seat 2: f982bffc ($10.28 in chips)
Seat 3: 9377ae5c ($13.54 in chips)
Seat 4: b08b3f38 ($7.91 in chips)
Seat 5: 35b22583 ($7.77 in chips)
Seat 6: Hero ($9.58 in chips)
f982bffc: posts small blind $0.05
9377ae5c: posts big blind $0.1
*** HOLE CARDS ***
Dealt to 2838583b 
Dealt to f982bffc 
Dealt to 9377ae5c 
Dealt to b08b3f38 
Dealt to 35b22583 
Dealt to Hero [Ks As]
b08b3f38: folds
35b22583: raises $0.2 to $0.3
Hero: raises $0.62 to $0.92
2838583b: folds
f982bffc: folds
9377ae5c: folds
35b22583: calls $0.62
*** FLOP *** [5h 2d 2s]
35b22583: checks
Hero: checks
*** TURN *** [5h 2d 2s] [Jd]
35b22583: checks
Hero: checks
*** RIVER *** [5h 2d 2s Jd] [4c]
35b22583: checks
Hero: checks
35b22583: shows [9c Ac] (Pair of Twos)
Hero: shows [Ks As] (Pair of Twos)
*** SHOWDOWN ***
Hero collected $1.89 from pot
*** SUMMARY ***
Total pot $1.99 | Rake $0.1 | Jackpot $0 | Bingo $0 | Fortune $0
Board [5h 2d 2s Jd 4c]
Seat 1: 2838583b (button) folded before Flop (didn't bet)
Seat 2: f982bffc (small blind) folded before Flop
Seat 3: 9377ae5c (big blind) folded before Flop
Seat 4: b08b3f38 folded before Flop (didn't bet)
Seat 5: 35b22583 showed [9c Ac] and lost with Pair of Twos
Seat 6: Hero showed [Ks As] and won ($1.89) with Pair of Twos


Poker Hand #RC1448675813: Hold'em No Limit  ($0.05/$0.1) - 2023/04/03 19:26:53
Table 'RushAndCash1391073' 6-max Seat #1 is the button
Seat 1: 92b5c46b ($13.29 in chips)
Seat 2: Hero ($9.63 in chips)
Seat 3: f8a76de6 ($4.59 in chips)
Seat 4: 5f473423 ($10.15 in chips)
Seat 5: 5e996e5f ($12.8 in chips)
Seat 6: 89e84b73 ($10.15 in chips)
Hero: posts small blind $0.05
f8a76de6: posts big blind $0.1
*** HOLE CARDS ***
Dealt to 92b5c46b 
Dealt to Hero [Th Kh]
Dealt to f8a76de6 
Dealt to 5f473423 
Dealt to 5e996e5f 
Dealt to 89e84b73 
5f473423: folds
5e996e5f: folds
89e84b73: folds
92b5c46b: raises $0.15 to $0.25
Hero: folds
f8a76de6: calls $0.15
*** FLOP *** [5s 8d 5d]
f8a76de6: checks
92b5c46b: bets $0.18
f8a76de6: folds
Uncalled bet ($0.18) returned to 92b5c46b
*** SHOWDOWN ***
92b5c46b collected $0.53 from pot
*** SUMMARY ***
Total pot $0.55 | Rake $0.02 | Jackpot $0 | Bingo $0 | Fortune $0
Board [5s 8d 5d]
Seat 1: 92b5c46b (button) won ($0.53)
Seat 2: Hero (small blind) folded before Flop
Seat 3: f8a76de6 (big blind) folded on the Flop
Seat 4: 5f473423 folded before Flop (didn't bet)
Seat 5: 5e996e5f folded before Flop (didn't bet)
Seat 6: 89e84b73 folded before Flop (didn't bet)


Poker Hand #RC1448675672: Hold'em No Limit  ($0.05/$0.1) - 2023/04/03 19:26:33
Table 'RushAndCash1390932' 6-max Seat #1 is the button
Seat 1: 67e62a5f ($7.6 in chips)
Seat 2: 4aa55fcc ($9.75 in chips)
Seat 3: Hero ($9.73 in chips)
Seat 4: 34704fb4 ($13.5 in chips)
Seat 5: cb2b39dd ($10.68 in chips)
Seat 6: 31055929 ($20.55 in chips)
4aa55fcc: posts small blind $0.05
Hero: posts big blind $0.1
*** HOLE CARDS ***
Dealt to 67e62a5f 
Dealt to 4aa55fcc 
Dealt to Hero [2s Kd]
Dealt to 34704fb4 
Dealt to cb2b39dd 
Dealt to 31055929 
34704fb4: raises $0.12 to $0.22
cb2b39dd: folds
31055929: raises $0.12 to $0.34
67e62a5f: calls $0.34
4aa55fcc: calls $0.29
Hero: folds
34704fb4: calls $0.12
*** FLOP *** [Ts 3h 8h]
4aa55fcc: checks
34704fb4: checks
31055929: checks
67e62a5f: checks
*** TURN *** [Ts 3h 8h] [2h]
4aa55fcc: checks
34704fb4: checks
31055929: bets $0.73
67e62a5f: calls $0.73
4aa55fcc: folds
34704fb4: folds
*** RIVER *** [Ts 3h 8h 2h] [Th]
31055929: bets $2.92
67e62a5f: calls $2.92
31055929: shows [Kh 6c] (King High Flush)
67e62a5f: shows [6d 6h] (Ten High Flush)
*** SHOWDOWN ***
31055929 collected $8.31 from pot
*** SUMMARY ***
Total pot $8.76 | Rake $0.3 | Jackpot $0.15 | Bingo $0 | Fortune $0
Board [Ts 3h 8h 2h Th]
Seat 1: 67e62a5f (button) showed [6d 6h] and lost with Ten High Flush
Seat 2: 4aa55fcc (small blind) folded on the Turn
Seat 3: Hero (big blind) folded before Flop
Seat 4: 34704fb4 folded on the Turn
Seat 5: cb2b39dd folded before Flop (didn't bet)
Seat 6: 31055929 showed [Kh 6c] and won ($8.31) with King High Flush


Poker Hand #RC1448675583: Hold'em No Limit  ($0.05/$0.1) - 2023/04/03 19:26:19
Table 'RushAndCash1390843' 6-max Seat #1 is the button
Seat 1: Hero ($9.73 in chips)
Seat 2: d012da00 ($4.19 in chips)
Seat 3: 53be6e8d ($10 in chips)
Seat 4: 9cd798a9 ($20 in chips)
Seat 5: 34704fb4 ($13.5 in chips)
Seat 6: d1dfa9d5 ($12.38 in chips)
d012da00: posts small blind $0.05
53be6e8d: posts big blind $0.1
*** HOLE CARDS ***
Dealt to Hero [Kc 2s]
Dealt to d012da00 
Dealt to 53be6e8d 
Dealt to 9cd798a9 
Dealt to 34704fb4 
Dealt to d1dfa9d5 
9cd798a9: folds
34704fb4: folds
d1dfa9d5: calls $0.1
Hero: folds
d012da00: raises $0.2 to $0.3
53be6e8d: folds
d1dfa9d5: calls $0.2
*** FLOP *** [3c 8s 2c]
d012da00: bets $0.35
d1dfa9d5: folds
Uncalled bet ($0.35) returned to d012da00
*** SHOWDOWN ***
d012da00 collected $0.67 from pot
*** SUMMARY ***
Total pot $0.7 | Rake $0.03 | Jackpot $0 | Bingo $0 | Fortune $0
Board [3c 8s 2c]
Seat 1: Hero (button) folded before Flop (didn't bet)
Seat 2: d012da00 (small blind) won ($0.67)
Seat 3: 53be6e8d (big blind) folded before Flop
Seat 4: 9cd798a9 folded before Flop (didn't bet)
Seat 5: 34704fb4 folded before Flop (didn't bet)
Seat 6: d1dfa9d5 folded on the Flop


Poker Hand #RC1448675537: Hold'em No Limit  ($0.05/$0.1) - 2023/04/03 19:26:13
Table 'RushAndCash1390797' 6-max Seat #1 is the button
Seat 1: e30e737a ($9.14 in chips)
Seat 2: bb3991dc ($10 in chips)
Seat 3: 5d43d6ec ($10.67 in chips)
Seat 4: Hero ($9.73 in chips)
Seat 5: 6485461c ($11.82 in chips)
Seat 6: e0e883c7 ($10.47 in chips)
bb3991dc: posts small blind $0.05
5d43d6ec: posts big blind $0.1
*** HOLE CARDS ***
Dealt to e30e737a 
Dealt to bb3991dc 
Dealt to 5d43d6ec 
Dealt to Hero [4s Td]
Dealt to 6485461c 
Dealt to e0e883c7 
Hero: folds
6485461c: folds
e0e883c7: folds
e30e737a: folds
bb3991dc: raises $0.2 to $0.3
5d43d6ec: folds
Uncalled bet ($0.2) returned to bb3991dc
*** SHOWDOWN ***
bb3991dc collected $0.2 from pot
*** SUMMARY ***
Total pot $0.2 | Rake $0 | Jackpot $0 | Bingo $0 | Fortune $0
Seat 1: e30e737a (button) folded before Flop (didn't bet)
Seat 2: bb3991dc (small blind) collected ($0.2)
Seat 3: 5d43d6ec (big blind) folded before Flop
Seat 4: Hero folded before Flop (didn't bet)
Seat 5: 6485461c folded before Flop (didn't bet)
Seat 6: e0e883c7 folded before Flop (didn't bet)


Poker Hand #RC1448675436: Hold'em No Limit  ($0.05/$0.1) - 2023/04/03 19:25:58
Table 'RushAndCash1390696' 6-max Seat #1 is the button
Seat 1: 35934214 ($30.04 in chips)
Seat 2: cebec0a9 ($17.27 in chips)
Seat 3: 953fb85f ($6.03 in chips)
Seat 4: Hero ($9.73 in chips)
Seat 5: 6ea93e19 ($16.67 in chips)
Seat 6: e8972424 ($10.98 in chips)
cebec0a9: posts small blind $0.05
953fb85f: posts big blind $0.1
*** HOLE CARDS ***
Dealt to 35934214 
Dealt to cebec0a9 
Dealt to 953fb85f 
Dealt to Hero [7h Ad]
Dealt to 6ea93e19 
Dealt to e8972424 
Hero: folds
6ea93e19: folds
e8972424: folds
35934214: folds
cebec0a9: folds
Uncalled bet ($0.05) returned to 953fb85f
*** SHOWDOWN ***
953fb85f collected $0.1 from pot
*** SUMMARY ***
Total pot $0.1 | Rake $0 | Jackpot $0 | Bingo $0 | Fortune $0
Seat 1: 35934214 (button) folded before Flop (didn't bet)
Seat 2: cebec0a9 (small blind) folded before Flop
Seat 3: 953fb85f (big blind) collected ($0.1)
Seat 4: Hero folded before Flop (didn't bet)
Seat 5: 6ea93e19 folded before Flop (didn't bet)
Seat 6: e8972424 folded before Flop (didn't bet)


Poker Hand #RC1448674992: Hold'em No Limit  ($0.05/$0.1) - 2023/04/03 19:24:58
Table 'RushAndCash1390252' 6-max Seat #1 is the button
Seat 1: Hero ($8.73 in chips)
Seat 2: e8972424 ($11.98 in chips)
Seat 3: a4f31a2b ($10.41 in chips)
Seat 4: 29c03214 ($22.12 in chips)
Seat 5: 4dbd0eb2 ($17.17 in chips)
Seat 6: 378cc754 ($4.67 in chips)
e8972424: posts small blind $0.05
a4f31a2b: posts big blind $0.1
*** HOLE CARDS ***
Dealt to Hero [7c 7h]
Dealt to e8972424 
Dealt to a4f31a2b 
Dealt to 29c03214 
Dealt to 4dbd0eb2 
Dealt to 378cc754 
29c03214: folds
4dbd0eb2: folds
378cc754: folds
Hero: raises $0.15 to $0.25
e8972424: raises $0.75 to $1
a4f31a2b: folds
Hero: calls $0.75
*** FLOP *** [Tc Jd Kd]
e8972424: checks
Hero: checks
*** TURN *** [Tc Jd Kd] [7d]
e8972424: checks
Hero: bets $1.35
e8972424: folds
Uncalled bet ($1.35) returned to Hero
*** SHOWDOWN ***
Hero collected $2 from pot
*** SUMMARY ***
Total pot $2.1 | Rake $0.1 | Jackpot $0 | Bingo $0 | Fortune $0
Board [Tc Jd Kd 7d]
Seat 1: Hero (button) won ($2)
Seat 2: e8972424 (small blind) folded on the Turn
Seat 3: a4f31a2b (big blind) folded before Flop
Seat 4: 29c03214 folded before Flop (didn't bet)
Seat 5: 4dbd0eb2 folded before Flop (didn't bet)
Seat 6: 378cc754 folded before Flop (didn't bet)


Poker Hand #RC1448674885: Hold'em No Limit  ($0.05/$0.1) - 2023/04/03 19:24:42
Table 'RushAndCash1390145' 6-max Seat #1 is the button
Seat 1: 202812e2 ($10.29 in chips)
Seat 2: Hero ($8.63 in chips)
Seat 3: 7b090960 ($11.9 in chips)
Seat 4: 30995fc3 ($18.6 in chips)
Seat 5: 97efb351 ($19.79 in chips)
Seat 6: 75ea5141 ($13.11 in chips)
Hero: posts small blind $0.05
7b090960: posts big blind $0.1
*** HOLE CARDS ***
Dealt to 202812e2 
Dealt to Hero [Qc Ad]
Dealt to 7b090960 
Dealt to 30995fc3 
Dealt to 97efb351 
Dealt to 75ea5141 
30995fc3: folds
97efb351: folds
75ea5141: folds
202812e2: folds
Hero: raises $0.2 to $0.3
7b090960: folds
Uncalled bet ($0.2) returned to Hero
*** SHOWDOWN ***
Hero collected $0.2 from pot
*** SUMMARY ***
Total pot $0.2 | Rake $0 | Jackpot $0 | Bingo $0 | Fortune $0
Seat 1: 202812e2 (button) folded before Flop (didn't bet)
Seat 2: Hero (small blind) collected ($0.2)
Seat 3: 7b090960 (big blind) folded before Flop
Seat 4: 30995fc3 folded before Flop (didn't bet)
Seat 5: 97efb351 folded before Flop (didn't bet)
Seat 6: 75ea5141 folded before Flop (didn't bet)


Poker Hand #RC1448674798: Hold'em No Limit  ($0.05/$0.1) - 2023/04/03 19:24:29
Table 'RushAndCash1390058' 6-max Seat #1 is the button
Seat 1: bc48658e ($31.56 in chips)
Seat 2: e30e737a ($8.53 in chips)
Seat 3: Hero ($8.58 in chips)
Seat 4: 187284f8 ($10.83 in chips)
Seat 5: 3a978f88 ($22.38 in chips)
Seat 6: 32818d47 ($10 in chips)
e30e737a: posts small blind $0.05
Hero: posts big blind $0.1
*** HOLE CARDS ***
Dealt to bc48658e 
Dealt to e30e737a 
Dealt to Hero [6h Kd]
Dealt to 187284f8 
Dealt to 3a978f88 
Dealt to 32818d47 
187284f8: folds
3a978f88: folds
32818d47: folds
bc48658e: folds
e30e737a: folds
Uncalled bet ($0.05) returned to Hero
*** SHOWDOWN ***
Hero collected $0.1 from pot
*** SUMMARY ***
Total pot $0.1 | Rake $0 | Jackpot $0 | Bingo $0 | Fortune $0
Seat 1: bc48658e (button) folded before Flop (didn't bet)
Seat 2: e30e737a (small blind) folded before Flop
Seat 3: Hero (big blind) collected ($0.1)
Seat 4: 187284f8 folded before Flop (didn't bet)
Seat 5: 3a978f88 folded before Flop (didn't bet)
Seat 6: 32818d47 folded before Flop (didn't bet)


Poker Hand #RC1448674765: Hold'em No Limit  ($0.05/$0.1) - 2023/04/03 19:24:25
Table 'RushAndCash1390025' 6-max Seat #1 is the button
Seat 1: 7b090960 ($11.95 in chips)
Seat 2: f6c53124 ($11.19 in chips)
Seat 3: c660553b ($65.58 in chips)
Seat 4: 852b11c5 ($8.26 in chips)
Seat 5: dfa98b7a ($11.43 in chips)
Seat 6: Hero ($8.58 in chips)
f6c53124: posts small blind $0.05
c660553b: posts big blind $0.1
*** HOLE CARDS ***
Dealt to 7b090960 
Dealt to f6c53124 
Dealt to c660553b 
Dealt to 852b11c5 
Dealt to dfa98b7a 
Dealt to Hero [Jc 3h]
852b11c5: folds
dfa98b7a: folds
Hero: folds
7b090960: folds
f6c53124: folds
Uncalled bet ($0.05) returned to c660553b
*** SHOWDOWN ***
c660553b collected $0.1 from pot
*** SUMMARY ***
Total pot $0.1 | Rake $0 | Jackpot $0 | Bingo $0 | Fortune $0
Seat 1: 7b090960 (button) folded before Flop (didn't bet)
Seat 2: f6c53124 (small blind) folded before Flop
Seat 3: c660553b (big blind) collected ($0.1)
Seat 4: 852b11c5 folded before Flop (didn't bet)
Seat 5: dfa98b7a folded before Flop (didn't bet)
Seat 6: Hero folded before Flop (didn't bet)


Poker Hand #RC1448654736: Hold'em No Limit  ($0.05/$0.1) - 2023/04/03 19:24:21
Table 'RushAndCash1389996' 6-max Seat #1 is the button
Seat 1: ca056a38 ($15.21 in chips)
Seat 2: 4907bbf1 ($4.66 in chips)
Seat 3: 6a83761b ($17.06 in chips)
Seat 4: 576d7ee2 ($22.83 in chips)
Seat 5: bf8c3d7d ($14.01 in chips)
Seat 6: Hero ($8.58 in chips)
4907bbf1: posts small blind $0.05
6a83761b: posts big blind $0.1
*** HOLE CARDS ***
Dealt to ca056a38 
Dealt to 4907bbf1 
Dealt to 6a83761b 
Dealt to 576d7ee2 
Dealt to bf8c3d7d 
Dealt to Hero [3c 7s]
576d7ee2: raises $0.18 to $0.28
bf8c3d7d: folds
Hero: folds
ca056a38: calls $0.28
4907bbf1: raises $1.22 to $1.5
6a83761b: folds
576d7ee2: folds
ca056a38: folds
Uncalled bet ($1.22) returned to 4907bbf1
*** SHOWDOWN ***
4907bbf1 collected $0.9 from pot
*** SUMMARY ***
Total pot $0.94 | Rake $0.04 | Jackpot $0 | Bingo $0 | Fortune $0
Seat 1: ca056a38 (button) folded before Flop
Seat 2: 4907bbf1 (small blind) collected ($0.9)
Seat 3: 6a83761b (big blind) folded before Flop
Seat 4: 576d7ee2 folded before Flop
Seat 5: bf8c3d7d folded before Flop (didn't bet)
Seat 6: Hero folded before Flop (didn't bet)


Poker Hand #RC1448654701: Hold'em No Limit  ($0.05/$0.1) - 2023/04/03 19:24:16
Table 'RushAndCash1389961' 6-max Seat #1 is the button
Seat 1: b8d1436 ($37.22 in chips)
Seat 2: 50c86371 ($14.24 in chips)
Seat 3: 19ae0e8f ($17.39 in chips)
Seat 4: Hero ($8.58 in chips)
Seat 5: 7f3f7129 ($25.58 in chips)
Seat 6: 3b67e556 ($12.44 in chips)
50c86371: posts small blind $0.05
19ae0e8f: posts big blind $0.1
*** HOLE CARDS ***
Dealt to b8d1436 
Dealt to 50c86371 
Dealt to 19ae0e8f 
Dealt to Hero [Th 9s]
Dealt to 7f3f7129 
Dealt to 3b67e556 
Hero: folds
7f3f7129: folds
3b67e556: folds
b8d1436: folds
50c86371: folds
Uncalled bet ($0.05) returned to 19ae0e8f
*** SHOWDOWN ***
19ae0e8f collected $0.1 from pot
*** SUMMARY ***
Total pot $0.1 | Rake $0 | Jackpot $0 | Bingo $0 | Fortune $0
Seat 1: b8d1436 (button) folded before Flop (didn't bet)
Seat 2: 50c86371 (small blind) folded before Flop
Seat 3: 19ae0e8f (big blind) collected ($0.1)
Seat 4: Hero folded before Flop (didn't bet)
Seat 5: 7f3f7129 folded before Flop (didn't bet)
Seat 6: 3b67e556 folded before Flop (didn't bet)


Poker Hand #RC1448654641: Hold'em No Limit  ($0.05/$0.1) - 2023/04/03 19:24:06
Table 'RushAndCash1389901' 6-max Seat #1 is the button
Seat 1: Hero ($8.58 in chips)
Seat 2: 2914dbd5 ($12.21 in chips)
Seat 3: 7139412e ($10 in chips)
Seat 4: ca910f64 ($11.02 in chips)
Seat 5: 479e6f55 ($10 in chips)
Seat 6: 9e8d16bb ($2.39 in chips)
2914dbd5: posts small blind $0.05
7139412e: posts big blind $0.1
*** HOLE CARDS ***
Dealt to Hero [Js 2d]
Dealt to 2914dbd5 
Dealt to 7139412e 
Dealt to ca910f64 
Dealt to 479e6f55 
Dealt to 9e8d16bb 
ca910f64: folds
479e6f55: folds
9e8d16bb: raises $0.15 to $0.25
Hero: folds
2914dbd5: folds
7139412e: calls $0.15
*** FLOP *** [8s 5c 3s]
7139412e: checks
9e8d16bb: bets $0.19
7139412e: calls $0.19
*** TURN *** [8s 5c 3s] [6d]
7139412e: checks
9e8d16bb: bets $0.47
7139412e: calls $0.47
*** RIVER *** [8s 5c 3s 6d] [Ks]
7139412e: checks
9e8d16bb: checks
7139412e: shows [Ah 5d] (Pair of Fives)
9e8d16bb: shows [Th Jh] (King-High)
*** SHOWDOWN ***
7139412e collected $1.78 from pot
*** SUMMARY ***
Total pot $1.87 | Rake $0.09 | Jackpot $0 | Bingo $0 | Fortune $0
Board [8s 5c 3s 6d Ks]
Seat 1: Hero (button) folded before Flop (didn't bet)
Seat 2: 2914dbd5 (small blind) folded before Flop
Seat 3: 7139412e (big blind) showed [Ah 5d] and won ($1.78) with Pair of Fives
Seat 4: ca910f64 folded before Flop (didn't bet)
Seat 5: 479e6f55 folded before Flop (didn't bet)
Seat 6: 9e8d16bb showed [Th Jh] and lost with King-High


Poker Hand #RC1448648121: Hold'em No Limit  ($0.05/$0.1) - 2023/04/03 19:09:01
Table 'RushAndCash1383381' 6-max Seat #1 is the button
Seat 1: 230d9e2 ($11.61 in chips)
Seat 2: Hero ($8.48 in chips)
Seat 3: 3b67e556 ($15.41 in chips)
Seat 4: e762fff3 ($10.5 in chips)
Seat 5: c96f578f ($30.44 in chips)
Seat 6: 58bc456d ($6.98 in chips)
Hero: posts small blind $0.05
3b67e556: posts big blind $0.1
*** HOLE CARDS ***
Dealt to 230d9e2 
Dealt to Hero [9d Td]
Dealt to 3b67e556 
Dealt to e762fff3 
Dealt to c96f578f 
Dealt to 58bc456d 
e762fff3: folds
c96f578f: raises $0.1 to $0.2
58bc456d: folds
230d9e2: raises $0.42 to $0.62
Hero: folds
3b67e556: folds
c96f578f: calls $0.42
*** FLOP *** [Jh 8h 6h]
c96f578f: checks
230d9e2: bets $0.46
c96f578f: calls $0.46
*** TURN *** [Jh 8h 6h] [8d]
c96f578f: checks
230d9e2: bets $0.77
c96f578f: calls $0.77
*** RIVER *** [Jh 8h 6h 8d] [4c]
c96f578f: checks
230d9e2: bets $1.28
c96f578f: folds
Uncalled bet ($1.28) returned to 230d9e2
*** SHOWDOWN ***
230d9e2 collected $3.52 from pot
*** SUMMARY ***
Total pot $3.85 | Rake $0.18 | Jackpot $0.15 | Bingo $0 | Fortune $0
Board [Jh 8h 6h 8d 4c]
Seat 1: 230d9e2 (button) won ($3.52)
Seat 2: Hero (small blind) folded before Flop
Seat 3: 3b67e556 (big blind) folded before Flop
Seat 4: e762fff3 folded before Flop (didn't bet)
Seat 5: c96f578f folded on the River
Seat 6: 58bc456d folded before Flop (didn't bet)


Poker Hand #RC1448648070: Hold'em No Limit  ($0.05/$0.1) - 2023/04/03 19:08:54
Table 'RushAndCash1383330' 6-max Seat #1 is the button
Seat 1: 530eeb89 ($11.17 in chips)
Seat 2: 40c9ab54 ($5.95 in chips)
Seat 3: Hero ($8.58 in chips)
Seat 4: ad791e0e ($10 in chips)
Seat 5: 526034f1 ($6.02 in chips)
Seat 6: dd0d0ac1 ($28.69 in chips)
40c9ab54: posts small blind $0.05
Hero: posts big blind $0.1
*** HOLE CARDS ***
Dealt to 530eeb89 
Dealt to 40c9ab54 
Dealt to Hero [2h 4h]
Dealt to ad791e0e 
Dealt to 526034f1 
Dealt to dd0d0ac1 
ad791e0e: folds
526034f1: folds
dd0d0ac1: folds
530eeb89: folds
40c9ab54: folds
Uncalled bet ($0.05) returned to Hero
*** SHOWDOWN ***
Hero collected $0.1 from pot
*** SUMMARY ***
Total pot $0.1 | Rake $0 | Jackpot $0 | Bingo $0 | Fortune $0
Seat 1: 530eeb89 (button) folded before Flop (didn't bet)
Seat 2: 40c9ab54 (small blind) folded before Flop
Seat 3: Hero (big blind) collected ($0.1)
Seat 4: ad791e0e folded before Flop (didn't bet)
Seat 5: 526034f1 folded before Flop (didn't bet)
Seat 6: dd0d0ac1 folded before Flop (didn't bet)


Poker Hand #RC1448647955: Hold'em No Limit  ($0.05/$0.1) - 2023/04/03 19:08:37
Table 'RushAndCash1383215' 6-max Seat #1 is the button
Seat 1: 40651e1b ($11.05 in chips)
Seat 2: f60de8ae ($10.05 in chips)
Seat 3: 8e7e070c ($14.32 in chips)
Seat 4: 962f096d ($9.51 in chips)
Seat 5: 552bc0bb ($10.35 in chips)
Seat 6: Hero ($8.58 in chips)
f60de8ae: posts small blind $0.05
8e7e070c: posts big blind $0.1
*** HOLE CARDS ***
Dealt to 40651e1b 
Dealt to f60de8ae 
Dealt to 8e7e070c 
Dealt to 962f096d 
Dealt to 552bc0bb 
Dealt to Hero [5s Kd]
962f096d: raises $0.15 to $0.25
552bc0bb: folds
Hero: folds
40651e1b: folds
f60de8ae: folds
8e7e070c: folds
Uncalled bet ($0.15) returned to 962f096d
*** SHOWDOWN ***
962f096d collected $0.25 from pot
*** SUMMARY ***
Total pot $0.25 | Rake $0 | Jackpot $0 | Bingo $0 | Fortune $0
Seat 1: 40651e1b (button) folded before Flop (didn't bet)
Seat 2: f60de8ae (small blind) folded before Flop
Seat 3: 8e7e070c (big blind) folded before Flop
Seat 4: 962f096d collected ($0.25)
Seat 5: 552bc0bb folded before Flop (didn't bet)
Seat 6: Hero folded before Flop (didn't bet)


Poker Hand #RC1448647771: Hold'em No Limit  ($0.05/$0.1) - 2023/04/03 19:08:11
Table 'RushAndCash1383031' 6-max Seat #1 is the button
Seat 1: f062092 ($16.42 in chips)
Seat 2: 9065cf65 ($9.36 in chips)
Seat 3: fc330f1 ($10 in chips)
Seat 4: b41a73c1 ($13.32 in chips)
Seat 5: f8d6609c ($10.19 in chips)
Seat 6: Hero ($8.83 in chips)
9065cf65: posts small blind $0.05
fc330f1: posts big blind $0.1
*** HOLE CARDS ***
Dealt to f062092 
Dealt to 9065cf65 
Dealt to fc330f1 
Dealt to b41a73c1 
Dealt to f8d6609c 
Dealt to Hero [Ad 6s]
b41a73c1: folds
f8d6609c: folds
Hero: raises $0.15 to $0.25
f062092: folds
9065cf65: calls $0.2
fc330f1: raises $0.95 to $1.2
Hero: folds
9065cf65: calls $0.95
*** FLOP *** [Jc 9d 8h]
9065cf65: checks
fc330f1: bets $0.9
9065cf65: calls $0.9
*** TURN *** [Jc 9d 8h] [Kc]
9065cf65: checks
fc330f1: bets $1.5
9065cf65: raises $3.73 to $5.23
fc330f1: calls $3.73
*** RIVER *** [Jc 9d 8h Kc] [5s]
9065cf65: bets $2.03 and is all-in
fc330f1: calls $2.03
9065cf65: shows [9c 7c] (Pair of Nines)
fc330f1: shows [Kd Qc] (Pair of Kings)
*** SHOWDOWN ***
fc330f1 collected $18.52 from pot
*** SUMMARY ***
Total pot $18.97 | Rake $0.3 | Jackpot $0.15 | Bingo $0 | Fortune $0
Board [Jc 9d 8h Kc 5s]
Seat 1: f062092 (button) folded before Flop (didn't bet)
Seat 2: 9065cf65 (small blind) showed [9c 7c] and lost with Pair of Nines
Seat 3: fc330f1 (big blind) showed [Kd Qc] and won ($18.52) with Pair of Kings
Seat 4: b41a73c1 folded before Flop (didn't bet)
Seat 5: f8d6609c folded before Flop (didn't bet)
Seat 6: Hero folded before Flop


Poker Hand #RC1448647734: Hold'em No Limit  ($0.05/$0.1) - 2023/04/03 19:08:06
Table 'RushAndCash1382994' 6-max Seat #1 is the button
Seat 1: 6963ceb0 ($14.18 in chips)
Seat 2: e1c40029 ($4.74 in chips)
Seat 3: 15f93165 ($10.94 in chips)
Seat 4: 510a0946 ($13.64 in chips)
Seat 5: Hero ($8.83 in chips)
Seat 6: 2adf9ac4 ($42.62 in chips)
e1c40029: posts small blind $0.05
15f93165: posts big blind $0.1
*** HOLE CARDS ***
Dealt to 6963ceb0 
Dealt to e1c40029 
Dealt to 15f93165 
Dealt to 510a0946 
Dealt to Hero [4c 8d]
Dealt to 2adf9ac4 
510a0946: folds
Hero: folds
2adf9ac4: folds
6963ceb0: raises $0.15 to $0.25
e1c40029: folds
15f93165: raises $0.73 to $0.98
6963ceb0: folds
Uncalled bet ($0.73) returned to 15f93165
*** SHOWDOWN ***
15f93165 collected $0.53 from pot
*** SUMMARY ***
Total pot $0.55 | Rake $0.02 | Jackpot $0 | Bingo $0 | Fortune $0
Seat 1: 6963ceb0 (button) folded before Flop
Seat 2: e1c40029 (small blind) folded before Flop
Seat 3: 15f93165 (big blind) collected ($0.53)
Seat 4: 510a0946 folded before Flop (didn't bet)
Seat 5: Hero folded before Flop (didn't bet)
Seat 6: 2adf9ac4 folded before Flop (didn't bet)


Poker Hand #RC1448647693: Hold'em No Limit  ($0.05/$0.1) - 2023/04/03 19:08:00
Table 'RushAndCash1382953' 6-max Seat #1 is the button
Seat 1: c660553b ($64.52 in chips)
Seat 2: ab607d32 ($21.1 in chips)
Seat 3: c0777ee0 ($10.6 in chips)
Seat 4: Hero ($8.83 in chips)
Seat 5: 9b398858 ($10.15 in chips)
Seat 6: 7c8a24a0 ($22.92 in chips)
ab607d32: posts small blind $0.05
c0777ee0: posts big blind $0.1
*** HOLE CARDS ***
Dealt to c660553b 
Dealt to ab607d32 
Dealt to c0777ee0 
Dealt to Hero [7d 6s]
Dealt to 9b398858 
Dealt to 7c8a24a0 
Hero: folds
9b398858: folds
7c8a24a0: folds
c660553b: folds
ab607d32: raises $0.2 to $0.3
c0777ee0: raises $0.6 to $0.9
ab607d32: folds
Uncalled bet ($0.6) returned to c0777ee0
*** SHOWDOWN ***
c0777ee0 collected $0.57 from pot
*** SUMMARY ***
Total pot $0.6 | Rake $0.03 | Jackpot $0 | Bingo $0 | Fortune $0
Seat 1: c660553b (button) folded before Flop (didn't bet)
Seat 2: ab607d32 (small blind) folded before Flop
Seat 3: c0777ee0 (big blind) collected ($0.57)
Seat 4: Hero folded before Flop (didn't bet)
Seat 5: 9b398858 folded before Flop (didn't bet)
Seat 6: 7c8a24a0 folded before Flop (didn't bet)


Poker Hand #RC1448647453: Hold'em No Limit  ($0.05/$0.1) - 2023/04/03 19:07:30
Table 'RushAndCash1382713' 6-max Seat #1 is the button
Seat 1: 9811e979 ($5.59 in chips)
Seat 2: Hero ($9.13 in chips)
Seat 3: e3c6aaf0 ($10.05 in chips)
Seat 4: ad455600 ($11.37 in chips)
Seat 5: e78547de ($10.67 in chips)
Seat 6: cd8b8e11 ($17.46 in chips)
Hero: posts small blind $0.05
e3c6aaf0: posts big blind $0.1
*** HOLE CARDS ***
Dealt to 9811e979 
Dealt to Hero [Kh 5h]
Dealt to e3c6aaf0 
Dealt to ad455600 
Dealt to e78547de 
Dealt to cd8b8e11 
ad455600: folds
e78547de: folds
cd8b8e11: folds
9811e979: folds
Hero: raises $0.2 to $0.3
e3c6aaf0: raises $0.6 to $0.9
Hero: folds
Uncalled bet ($0.6) returned to e3c6aaf0
*** SHOWDOWN ***
e3c6aaf0 collected $0.57 from pot
*** SUMMARY ***
Total pot $0.6 | Rake $0.03 | Jackpot $0 | Bingo $0 | Fortune $0
Seat 1: 9811e979 (button) folded before Flop (didn't bet)
Seat 2: Hero (small blind) folded before Flop
Seat 3: e3c6aaf0 (big blind) collected ($0.57)
Seat 4: ad455600 folded before Flop (didn't bet)
Seat 5: e78547de folded before Flop (didn't bet)
Seat 6: cd8b8e11 folded before Flop (didn't bet)


Poker Hand #RC1448647168: Hold'em No Limit  ($0.05/$0.1) - 2023/04/03 19:06:52
Table 'RushAndCash1382428' 6-max Seat #1 is the button
Seat 1: 3fdaa37 ($19.26 in chips)
Seat 2: 9811e979 ($5.05 in chips)
Seat 3: Hero ($9.72 in chips)
Seat 4: 76548537 ($17.08 in chips)
Seat 5: e12ae9f0 ($10.2 in chips)
Seat 6: a2b415ca ($11.07 in chips)
9811e979: posts small blind $0.05
Hero: posts big blind $0.1
*** HOLE CARDS ***
Dealt to 3fdaa37 
Dealt to 9811e979 
Dealt to Hero [Ks 9d]
Dealt to 76548537 
Dealt to e12ae9f0 
Dealt to a2b415ca 
76548537: folds
e12ae9f0: folds
a2b415ca: folds
3fdaa37: folds
9811e979: calls $0.05
Hero: raises $0.25 to $0.35
9811e979: calls $0.25
*** FLOP *** [4s 4d 5s]
9811e979: checks
Hero: checks
*** TURN *** [4s 4d 5s] [6c]
9811e979: bets $0.24
Hero: calls $0.24
*** RIVER *** [4s 4d 5s 6c] [2s]
9811e979: bets $0.89
Hero: folds
Uncalled bet ($0.89) returned to 9811e979
*** SHOWDOWN ***
9811e979 collected $1.13 from pot
*** SUMMARY ***
Total pot $1.18 | Rake $0.05 | Jackpot $0 | Bingo $0 | Fortune $0
Board [4s 4d 5s 6c 2s]
Seat 1: 3fdaa37 (button) folded before Flop (didn't bet)
Seat 2: 9811e979 (small blind) won ($1.13)
Seat 3: Hero (big blind) folded on the River
Seat 4: 76548537 folded before Flop (didn't bet)
Seat 5: e12ae9f0 folded before Flop (didn't bet)
Seat 6: a2b415ca folded before Flop (didn't bet)


Poker Hand #RC1448647084: Hold'em No Limit  ($0.05/$0.1) - 2023/04/03 19:06:41
Table 'RushAndCash1382344' 6-max Seat #1 is the button
Seat 1: Hero ($9.72 in chips)
Seat 2: 90827748 ($10.13 in chips)
Seat 3: 548dc649 ($12.21 in chips)
Seat 4: 3a978f88 ($20.35 in chips)
Seat 5: 12b65d32 ($13.72 in chips)
Seat 6: 9afbe26f ($10.52 in chips)
90827748: posts small blind $0.05
548dc649: posts big blind $0.1
*** HOLE CARDS ***
Dealt to Hero [Qc 6d]
Dealt to 90827748 
Dealt to 548dc649 
Dealt to 3a978f88 
Dealt to 12b65d32 
Dealt to 9afbe26f 
3a978f88: raises $0.15 to $0.25
12b65d32: raises $0.45 to $0.7
9afbe26f: folds
Hero: folds
90827748: folds
548dc649: folds
3a978f88: folds
Uncalled bet ($0.45) returned to 12b65d32
*** SHOWDOWN ***
12b65d32 collected $0.62 from pot
*** SUMMARY ***
Total pot $0.65 | Rake $0.03 | Jackpot $0 | Bingo $0 | Fortune $0
Seat 1: Hero (button) folded before Flop (didn't bet)
Seat 2: 90827748 (small blind) folded before Flop
Seat 3: 548dc649 (big blind) folded before Flop
Seat 4: 3a978f88 folded before Flop
Seat 5: 12b65d32 collected ($0.62)
Seat 6: 9afbe26f folded before Flop (didn't bet)


Poker Hand #RC1448647048: Hold'em No Limit  ($0.05/$0.1) - 2023/04/03 19:06:37
Table 'RushAndCash1382308' 6-max Seat #1 is the button
Seat 1: 75d05159 ($10.64 in chips)
Seat 2: 89994609 ($10.78 in chips)
Seat 3: f7075b13 ($28.46 in chips)
Seat 4: cd8b8e11 ($16.85 in chips)
Seat 5: Hero ($9.72 in chips)
Seat 6: 19ae0e8f ($13.65 in chips)
89994609: posts small blind $0.05
f7075b13: posts big blind $0.1
*** HOLE CARDS ***
Dealt to 75d05159 
Dealt to 89994609 
Dealt to f7075b13 
Dealt to cd8b8e11 
Dealt to Hero [Tc 4d]
Dealt to 19ae0e8f 
cd8b8e11: folds
Hero: folds
19ae0e8f: folds
75d05159: raises $0.15 to $0.25
89994609: folds
f7075b13: calls $0.15
*** FLOP *** [Kd 3h 2c]
f7075b13: checks
75d05159: bets $0.19
f7075b13: raises $0.31 to $0.5
75d05159: calls $0.31
*** TURN *** [Kd 3h 2c] [Jh]
f7075b13: checks
75d05159: bets $0.85
f7075b13: calls $0.85
*** RIVER *** [Kd 3h 2c Jh] [Qs]
f7075b13: checks
75d05159: bets $3.15
f7075b13: folds
Uncalled bet ($3.15) returned to 75d05159
*** SHOWDOWN ***
75d05159 collected $2.95 from pot
*** SUMMARY ***
Total pot $3.25 | Rake $0.15 | Jackpot $0.15 | Bingo $0 | Fortune $0
Board [Kd 3h 2c Jh Qs]
Seat 1: 75d05159 (button) won ($2.95)
Seat 2: 89994609 (small blind) folded before Flop
Seat 3: f7075b13 (big blind) folded on the River
Seat 4: cd8b8e11 folded before Flop (didn't bet)
Seat 5: Hero folded before Flop (didn't bet)
Seat 6: 19ae0e8f folded before Flop (didn't bet)


Poker Hand #RC1448646982: Hold'em No Limit  ($0.05/$0.1) - 2023/04/03 19:06:28
Table 'RushAndCash1382242' 6-max Seat #1 is the button
Seat 1: 24a56e50 ($12.24 in chips)
Seat 2: a4f31a2b ($10.13 in chips)
Seat 3: 2dbf9734 ($10 in chips)
Seat 4: 5854e4a2 ($10.65 in chips)
Seat 5: 6b2bcb2 ($11.96 in chips)
Seat 6: Hero ($9.72 in chips)
a4f31a2b: posts small blind $0.05
2dbf9734: posts big blind $0.1
*** HOLE CARDS ***
Dealt to 24a56e50 
Dealt to a4f31a2b 
Dealt to 2dbf9734 
Dealt to 5854e4a2 
Dealt to 6b2bcb2 
Dealt to Hero [8d Qd]
5854e4a2: raises $0.15 to $0.25
6b2bcb2: folds
Hero: folds
24a56e50: folds
a4f31a2b: folds
2dbf9734: folds
Uncalled bet ($0.15) returned to 5854e4a2
*** SHOWDOWN ***
5854e4a2 collected $0.25 from pot
*** SUMMARY ***
Total pot $0.25 | Rake $0 | Jackpot $0 | Bingo $0 | Fortune $0
Seat 1: 24a56e50 (button) folded before Flop (didn't bet)
Seat 2: a4f31a2b (small blind) folded before Flop
Seat 3: 2dbf9734 (big blind) folded before Flop
Seat 4: 5854e4a2 collected ($0.25)
Seat 5: 6b2bcb2 folded before Flop (didn't bet)
Seat 6: Hero folded before Flop (didn't bet)


Poker Hand #RC1448646913: Hold'em No Limit  ($0.05/$0.1) - 2023/04/03 19:06:19
Table 'RushAndCash1382173' 6-max Seat #1 is the button
Seat 1: Hero ($9.72 in chips)
Seat 2: b65e1d93 ($11.92 in chips)
Seat 3: 552bc0bb ($10.05 in chips)
Seat 4: 75d05159 ($10.59 in chips)
Seat 5: d3e90524 ($20.46 in chips)
Seat 6: afa91500 ($21.17 in chips)
b65e1d93: posts small blind $0.05
552bc0bb: posts big blind $0.1
*** HOLE CARDS ***
Dealt to Hero [Ts 3h]
Dealt to b65e1d93 
Dealt to 552bc0bb 
Dealt to 75d05159 
Dealt to d3e90524 
Dealt to afa91500 
75d05159: folds
d3e90524: folds
afa91500: folds
Hero: folds
b65e1d93: raises $0.2 to $0.3
552bc0bb: folds
Uncalled bet ($0.2) returned to b65e1d93
*** SHOWDOWN ***
b65e1d93 collected $0.2 from pot
*** SUMMARY ***
Total pot $0.2 | Rake $0 | Jackpot $0 | Bingo $0 | Fortune $0
Seat 1: Hero (button) folded before Flop (didn't bet)
Seat 2: b65e1d93 (small blind) collected ($0.2)
Seat 3: 552bc0bb (big blind) folded before Flop
Seat 4: 75d05159 folded before Flop (didn't bet)
Seat 5: d3e90524 folded before Flop (didn't bet)
Seat 6: afa91500 folded before Flop (didn't bet)


Poker Hand #RC1448646871: Hold'em No Limit  ($0.05/$0.1) - 2023/04/03 19:06:14
Table 'RushAndCash1382131' 6-max Seat #1 is the button
Seat 1: 40ef9b07 ($27.2 in chips)
Seat 2: e6472de9 ($10 in chips)
Seat 3: Hero ($9.82 in chips)
Seat 4: 9afbe26f ($10.67 in chips)
Seat 5: 7daff6ba ($10 in chips)
Seat 6: 991b5ac4 ($15.55 in chips)
e6472de9: posts small blind $0.05
Hero: posts big blind $0.1
*** HOLE CARDS ***
Dealt to 40ef9b07 
Dealt to e6472de9 
Dealt to Hero [Jc 8h]
Dealt to 9afbe26f 
Dealt to 7daff6ba 
Dealt to 991b5ac4 
9afbe26f: folds
7daff6ba: folds
991b5ac4: raises $0.15 to $0.25
40ef9b07: calls $0.25
e6472de9: folds
Hero: folds
*** FLOP *** [Th 5s Tc]
991b5ac4: bets $0.22
40ef9b07: calls $0.22
*** TURN *** [Th 5s Tc] [Jh]
991b5ac4: checks
40ef9b07: checks
*** RIVER *** [Th 5s Tc Jh] [7c]
991b5ac4: bets $1.09
40ef9b07: folds
Uncalled bet ($1.09) returned to 991b5ac4
*** SHOWDOWN ***
991b5ac4 collected $1.04 from pot
*** SUMMARY ***
Total pot $1.09 | Rake $0.05 | Jackpot $0 | Bingo $0 | Fortune $0
Board [Th 5s Tc Jh 7c]
Seat 1: 40ef9b07 (button) folded on the River
Seat 2: e6472de9 (small blind) folded before Flop
Seat 3: Hero (big blind) folded before Flop
Seat 4: 9afbe26f folded before Flop (didn't bet)
Seat 5: 7daff6ba folded before Flop (didn't bet)
Seat 6: 991b5ac4 won ($1.04)


Poker Hand #RC1448646778: Hold'em No Limit  ($0.05/$0.1) - 2023/04/03 19:06:01
Table 'RushAndCash1382038' 6-max Seat #1 is the button
Seat 1: f1a8f53d ($10.17 in chips)
Seat 2: Hero ($9.72 in chips)
Seat 3: 40c9ab54 ($5.82 in chips)
Seat 4: 1517d8bc ($11.13 in chips)
Seat 5: 794d6732 ($12.29 in chips)
Seat 6: 91ca9863 ($14.89 in chips)
Hero: posts small blind $0.05
40c9ab54: posts big blind $0.1
*** HOLE CARDS ***
Dealt to f1a8f53d 
Dealt to Hero [Qs Jd]
Dealt to 40c9ab54 
Dealt to 1517d8bc 
Dealt to 794d6732 
Dealt to 91ca9863 
1517d8bc: folds
794d6732: folds
91ca9863: folds
f1a8f53d: folds
Hero: raises $0.2 to $0.3
40c9ab54: folds
Uncalled bet ($0.2) returned to Hero
*** SHOWDOWN ***
Hero collected $0.2 from pot
*** SUMMARY ***
Total pot $0.2 | Rake $0 | Jackpot $0 | Bingo $0 | Fortune $0
Seat 1: f1a8f53d (button) folded before Flop (didn't bet)
Seat 2: Hero (small blind) collected ($0.2)
Seat 3: 40c9ab54 (big blind) folded before Flop
Seat 4: 1517d8bc folded before Flop (didn't bet)
Seat 5: 794d6732 folded before Flop (didn't bet)
Seat 6: 91ca9863 folded before Flop (didn't bet)


Poker Hand #RC1448646733: Hold'em No Limit  ($0.05/$0.1) - 2023/04/03 19:05:55
Table 'RushAndCash1381993' 6-max Seat #1 is the button
Seat 1: d1dfa9d5 ($13.58 in chips)
Seat 2: c5d681bc ($11.03 in chips)
Seat 3: 7daff6ba ($10.05 in chips)
Seat 4: 9c1bd93e ($38 in chips)
Seat 5: 844e4f42 ($24.2 in chips)
Seat 6: Hero ($9.72 in chips)
c5d681bc: posts small blind $0.05
7daff6ba: posts big blind $0.1
*** HOLE CARDS ***
Dealt to d1dfa9d5 
Dealt to c5d681bc 
Dealt to 7daff6ba 
Dealt to 9c1bd93e 
Dealt to 844e4f42 
Dealt to Hero [Qd 3c]
9c1bd93e: raises $0.1 to $0.2
844e4f42: folds
Hero: folds
d1dfa9d5: calls $0.2
c5d681bc: folds
7daff6ba: folds
*** FLOP *** [8h 7c 5d]
9c1bd93e: bets $0.75
d1dfa9d5: folds
Uncalled bet ($0.75) returned to 9c1bd93e
*** SHOWDOWN ***
9c1bd93e collected $0.52 from pot
*** SUMMARY ***
Total pot $0.55 | Rake $0.03 | Jackpot $0 | Bingo $0 | Fortune $0
Board [8h 7c 5d]
Seat 1: d1dfa9d5 (button) folded on the Flop
Seat 2: c5d681bc (small blind) folded before Flop
Seat 3: 7daff6ba (big blind) folded before Flop
Seat 4: 9c1bd93e won ($0.52)
Seat 5: 844e4f42 folded before Flop (didn't bet)
Seat 6: Hero folded before Flop (didn't bet)


Poker Hand #RC1448646640: Hold'em No Limit  ($0.05/$0.1) - 2023/04/03 19:05:43
Table 'RushAndCash1381900' 6-max Seat #1 is the button
Seat 1: de018bb8 ($4.73 in chips)
Seat 2: f0ad5f62 ($10.6 in chips)
Seat 3: c2bb45a5 ($11.76 in chips)
Seat 4: ee780697 ($11.1 in chips)
Seat 5: 27cf53e7 ($10 in chips)
Seat 6: Hero ($9.57 in chips)
f0ad5f62: posts small blind $0.05
c2bb45a5: posts big blind $0.1
*** HOLE CARDS ***
Dealt to de018bb8 
Dealt to f0ad5f62 
Dealt to c2bb45a5 
Dealt to ee780697 
Dealt to 27cf53e7 
Dealt to Hero [Ah Qs]
ee780697: folds
27cf53e7: folds
Hero: raises $0.15 to $0.25
de018bb8: folds
f0ad5f62: folds
c2bb45a5: folds
Uncalled bet ($0.15) returned to Hero
*** SHOWDOWN ***
Hero collected $0.25 from pot
*** SUMMARY ***
Total pot $0.25 | Rake $0 | Jackpot $0 | Bingo $0 | Fortune $0
Seat 1: de018bb8 (button) folded before Flop (didn't bet)
Seat 2: f0ad5f62 (small blind) folded before Flop
Seat 3: c2bb45a5 (big blind) folded before Flop
Seat 4: ee780697 folded before Flop (didn't bet)
Seat 5: 27cf53e7 folded before Flop (didn't bet)
Seat 6: Hero collected ($0.25)


Poker Hand #RC1448646607: Hold'em No Limit  ($0.05/$0.1) - 2023/04/03 19:05:38
Table 'RushAndCash1381867' 6-max Seat #1 is the button
Seat 1: f0ad5f62 ($10.6 in chips)
Seat 2: 9065cf65 ($9.69 in chips)
Seat 3: 60140ae5 ($9.04 in chips)
Seat 4: Hero ($9.57 in chips)
Seat 5: 897efe24 ($10 in chips)
Seat 6: 576d7ee2 ($25.09 in chips)
9065cf65: posts small blind $0.05
60140ae5: posts big blind $0.1
*** HOLE CARDS ***
Dealt to f0ad5f62 
Dealt to 9065cf65 
Dealt to 60140ae5 
Dealt to Hero [Jc 7h]
Dealt to 897efe24 
Dealt to 576d7ee2 
Hero: folds
897efe24: folds
576d7ee2: folds
f0ad5f62: folds
9065cf65: folds
Uncalled bet ($0.05) returned to 60140ae5
*** SHOWDOWN ***
60140ae5 collected $0.1 from pot
*** SUMMARY ***
Total pot $0.1 | Rake $0 | Jackpot $0 | Bingo $0 | Fortune $0
Seat 1: f0ad5f62 (button) folded before Flop (didn't bet)
Seat 2: 9065cf65 (small blind) folded before Flop
Seat 3: 60140ae5 (big blind) collected ($0.1)
Seat 4: Hero folded before Flop (didn't bet)
Seat 5: 897efe24 folded before Flop (didn't bet)
Seat 6: 576d7ee2 folded before Flop (didn't bet)


Poker Hand #RC1448646560: Hold'em No Limit  ($0.05/$0.1) - 2023/04/03 19:05:31
Table 'RushAndCash1381820' 6-max Seat #1 is the button
Seat 1: 8f24de5c ($20.21 in chips)
Seat 2: 202812e2 ($12.33 in chips)
Seat 3: 530eeb89 ($10 in chips)
Seat 4: 80c8b20f ($10.28 in chips)
Seat 5: a3989624 ($10.31 in chips)
Seat 6: Hero ($9.57 in chips)
202812e2: posts small blind $0.05
530eeb89: posts big blind $0.1
*** HOLE CARDS ***
Dealt to 8f24de5c 
Dealt to 202812e2 
Dealt to 530eeb89 
Dealt to 80c8b20f 
Dealt to a3989624 
Dealt to Hero [6s 2h]
80c8b20f: folds
a3989624: folds
Hero: folds
8f24de5c: folds
202812e2: raises $0.15 to $0.25
530eeb89: calls $0.15
*** FLOP *** [3s 4h Qc]
202812e2: checks
530eeb89: bets $0.17
202812e2: calls $0.17
*** TURN *** [3s 4h Qc] [9d]
202812e2: checks
530eeb89: bets $0.6
202812e2: folds
Uncalled bet ($0.6) returned to 530eeb89
*** SHOWDOWN ***
530eeb89 collected $0.8 from pot
*** SUMMARY ***
Total pot $0.84 | Rake $0.04 | Jackpot $0 | Bingo $0 | Fortune $0
Board [3s 4h Qc 9d]
Seat 1: 8f24de5c (button) folded before Flop (didn't bet)
Seat 2: 202812e2 (small blind) folded on the Turn
Seat 3: 530eeb89 (big blind) won ($0.8)
Seat 4: 80c8b20f folded before Flop (didn't bet)
Seat 5: a3989624 folded before Flop (didn't bet)
Seat 6: Hero folded before Flop (didn't bet)


Poker Hand #RC1448646406: Hold'em No Limit  ($0.05/$0.1) - 2023/04/03 19:05:08
Table 'RushAndCash1381666' 6-max Seat #1 is the button
Seat 1: Hero ($9.2 in chips)
Seat 2: 8af37bbe ($11.77 in chips)
Seat 3: 2ed5aa83 ($20.4 in chips)
Seat 4: 6c48b4f0 ($10.1 in chips)
Seat 5: ee780697 ($11.1 in chips)
Seat 6: e8972424 ($15.77 in chips)
8af37bbe: posts small blind $0.05
2ed5aa83: posts big blind $0.1
*** HOLE CARDS ***
Dealt to Hero [8h Ah]
Dealt to 8af37bbe 
Dealt to 2ed5aa83 
Dealt to 6c48b4f0 
Dealt to ee780697 
Dealt to e8972424 
6c48b4f0: folds
ee780697: folds
e8972424: raises $0.15 to $0.25
Hero: raises $0.55 to $0.8
8af37bbe: folds
2ed5aa83: folds
e8972424: folds
Uncalled bet ($0.55) returned to Hero
*** SHOWDOWN ***
Hero collected $0.62 from pot
*** SUMMARY ***
Total pot $0.65 | Rake $0.03 | Jackpot $0 | Bingo $0 | Fortune $0
Seat 1: Hero (button) collected ($0.62)
Seat 2: 8af37bbe (small blind) folded before Flop
Seat 3: 2ed5aa83 (big blind) folded before Flop
Seat 4: 6c48b4f0 folded before Flop (didn't bet)
Seat 5: ee780697 folded before Flop (didn't bet)
Seat 6: e8972424 folded before Flop


Poker Hand #RC1448646213: Hold'em No Limit  ($0.05/$0.1) - 2023/04/03 19:04:37
Table 'RushAndCash1381473' 6-max Seat #1 is the button
Seat 1: 430f23ac ($10 in chips)
Seat 2: 2ed5aa83 ($19.68 in chips)
Seat 3: Hero ($10 in chips)
Seat 4: 7a8befca ($9.86 in chips)
Seat 5: b79ea7af ($10 in chips)
Seat 6: f7cf8299 ($10 in chips)
2ed5aa83: posts small blind $0.05
Hero: posts big blind $0.1
*** HOLE CARDS ***
Dealt to 430f23ac 
Dealt to 2ed5aa83 
Dealt to Hero [3d Kd]
Dealt to 7a8befca 
Dealt to b79ea7af 
Dealt to f7cf8299 
7a8befca: folds
b79ea7af: folds
f7cf8299: folds
430f23ac: folds
2ed5aa83: raises $0.2 to $0.3
Hero: raises $0.5 to $0.8
2ed5aa83: raises $1.5 to $2.3
Hero: folds
Uncalled bet ($1.5) returned to 2ed5aa83
Hero: shows [3d Kd]
*** SHOWDOWN ***
2ed5aa83 collected $1.52 from pot
*** SUMMARY ***
Total pot $1.6 | Rake $0.08 | Jackpot $0 | Bingo $0 | Fortune $0
Seat 1: 430f23ac (button) folded before Flop (didn't bet)
Seat 2: 2ed5aa83 (small blind) collected ($1.52)
Seat 3: Hero (big blind) folded before Flop
Seat 4: 7a8befca folded before Flop (didn't bet)
Seat 5: b79ea7af folded before Flop (didn't bet)
Seat 6: f7cf8299 folded before Flop (didn't bet)


Poker Hand #RC1448645281: Hold'em No Limit  ($0.05/$0.1) - 2023/04/03 19:02:33
Table 'RushAndCash1380541' 6-max Seat #1 is the button
Seat 1: 40ef9b07 ($23.98 in chips)
Seat 2: Hero ($9.91 in chips)
Seat 3: 9af4fb8d ($22.39 in chips)
Seat 4: 29dc025f ($10.04 in chips)
Seat 5: 671da239 ($11.81 in chips)
Seat 6: 2f559c22 ($10.74 in chips)
Hero: posts small blind $0.05
9af4fb8d: posts big blind $0.1
*** HOLE CARDS ***
Dealt to 40ef9b07 
Dealt to Hero [9c Ts]
Dealt to 9af4fb8d 
Dealt to 29dc025f 
Dealt to 671da239 
Dealt to 2f559c22 
29dc025f: folds
671da239: folds
2f559c22: folds
40ef9b07: folds
Hero: raises $0.2 to $0.3
9af4fb8d: calls $0.2
*** FLOP *** [3s 8s 7c]
Hero: bets $0.3
9af4fb8d: raises $0.9 to $1.2
Hero: raises $8.41 to $9.61 and is all-in
9af4fb8d: calls $8.41
Hero: shows [9c Ts] (Ten-High)
9af4fb8d: shows [7s Js] (Pair of Sevens)
*** TURN *** [3s 8s 7c] [5h]
*** RIVER *** [3s 8s 7c 5h] [Qc]
*** SHOWDOWN ***
9af4fb8d collected $19.17 from pot
*** SUMMARY ***
Total pot $19.82 | Rake $0.5 | Jackpot $0.15 | Bingo $0 | Fortune $0
Board [3s 8s 7c 5h Qc]
Seat 1: 40ef9b07 (button) folded before Flop (didn't bet)
Seat 2: Hero (small blind) showed [9c Ts] and lost with Queen-High
Seat 3: 9af4fb8d (big blind) showed [7s Js] and won ($19.17) with Pair of Sevens
Seat 4: 29dc025f folded before Flop (didn't bet)
Seat 5: 671da239 folded before Flop (didn't bet)
Seat 6: 2f559c22 folded before Flop (didn't bet)


Poker Hand #RC1448645208: Hold'em No Limit  ($0.05/$0.1) - 2023/04/03 19:02:24
Table 'RushAndCash1380468' 6-max Seat #1 is the button
Seat 1: efd11987 ($12.42 in chips)
Seat 2: cd8b8e11 ($17.34 in chips)
Seat 3: 3f50cc1a ($22.54 in chips)
Seat 4: 43e78263 ($10.15 in chips)
Seat 5: 252310e7 ($12.4 in chips)
Seat 6: Hero ($9.91 in chips)
cd8b8e11: posts small blind $0.05
3f50cc1a: posts big blind $0.1
*** HOLE CARDS ***
Dealt to efd11987 
Dealt to cd8b8e11 
Dealt to 3f50cc1a 
Dealt to 43e78263 
Dealt to 252310e7 
Dealt to Hero [4d 3c]
43e78263: folds
252310e7: raises $0.13 to $0.23
Hero: folds
efd11987: folds
cd8b8e11: calls $0.18
3f50cc1a: calls $0.13
*** FLOP *** [3s Js 9s]
cd8b8e11: checks
3f50cc1a: checks
252310e7: bets $0.94
cd8b8e11: folds
3f50cc1a: calls $0.94
*** TURN *** [3s Js 9s] [8s]
3f50cc1a: checks
252310e7: checks
*** RIVER *** [3s Js 9s 8s] [3d]
3f50cc1a: bets $1.3
252310e7: calls $1.3
3f50cc1a: shows [5s Qs] (Queen High Flush)
252310e7: shows [Ks Qd] (King High Flush)
*** SHOWDOWN ***
252310e7 collected $4.72 from pot
*** SUMMARY ***
Total pot $5.17 | Rake $0.3 | Jackpot $0.15 | Bingo $0 | Fortune $0
Board [3s Js 9s 8s 3d]
Seat 1: efd11987 (button) folded before Flop (didn't bet)
Seat 2: cd8b8e11 (small blind) folded on the Flop
Seat 3: 3f50cc1a (big blind) showed [5s Qs] and lost with Queen High Flush
Seat 4: 43e78263 folded before Flop (didn't bet)
Seat 5: 252310e7 showed [Ks Qd] and won ($4.72) with King High Flush
Seat 6: Hero folded before Flop (didn't bet)


Poker Hand #RC1448645145: Hold'em No Limit  ($0.05/$0.1) - 2023/04/03 19:02:16
Table 'RushAndCash1380405' 6-max Seat #1 is the button
Seat 1: d206a13 ($9.7 in chips)
Seat 2: 539713e ($11.28 in chips)
Seat 3: 6d090a2f ($10 in chips)
Seat 4: 4c5b84dd ($13.41 in chips)
Seat 5: Hero ($9.91 in chips)
Seat 6: 8a1ed0a ($10 in chips)
539713e: posts small blind $0.05
6d090a2f: posts big blind $0.1
*** HOLE CARDS ***
Dealt to d206a13 
Dealt to 539713e 
Dealt to 6d090a2f 
Dealt to 4c5b84dd 
Dealt to Hero [Jc 6s]
Dealt to 8a1ed0a 
4c5b84dd: folds
Hero: folds
8a1ed0a: folds
d206a13: folds
539713e: folds
Uncalled bet ($0.05) returned to 6d090a2f
*** SHOWDOWN ***
6d090a2f collected $0.1 from pot
*** SUMMARY ***
Total pot $0.1 | Rake $0 | Jackpot $0 | Bingo $0 | Fortune $0
Seat 1: d206a13 (button) folded before Flop (didn't bet)
Seat 2: 539713e (small blind) folded before Flop
Seat 3: 6d090a2f (big blind) collected ($0.1)
Seat 4: 4c5b84dd folded before Flop (didn't bet)
Seat 5: Hero folded before Flop (didn't bet)
Seat 6: 8a1ed0a folded before Flop (didn't bet)


Poker Hand #RC1448645081: Hold'em No Limit  ($0.05/$0.1) - 2023/04/03 19:02:09
Table 'RushAndCash1380341' 6-max Seat #1 is the button
Seat 1: 72414ae2 ($27.33 in chips)
Seat 2: 47c2d383 ($30.61 in chips)
Seat 3: 4d90bf1e ($16.77 in chips)
Seat 4: Hero ($9.91 in chips)
Seat 5: 5e996e5f ($15.55 in chips)
Seat 6: 60140ae5 ($9.19 in chips)
47c2d383: posts small blind $0.05
4d90bf1e: posts big blind $0.1
*** HOLE CARDS ***
Dealt to 72414ae2 
Dealt to 47c2d383 
Dealt to 4d90bf1e 
Dealt to Hero [6d 3d]
Dealt to 5e996e5f 
Dealt to 60140ae5 
Hero: folds
5e996e5f: folds
60140ae5: folds
72414ae2: raises $0.15 to $0.25
47c2d383: folds
4d90bf1e: calls $0.15
*** FLOP *** [2c Td As]
4d90bf1e: checks
72414ae2: bets $0.32
4d90bf1e: folds
Uncalled bet ($0.32) returned to 72414ae2
*** SHOWDOWN ***
72414ae2 collected $0.53 from pot
*** SUMMARY ***
Total pot $0.55 | Rake $0.02 | Jackpot $0 | Bingo $0 | Fortune $0
Board [2c Td As]
Seat 1: 72414ae2 (button) won ($0.53)
Seat 2: 47c2d383 (small blind) folded before Flop
Seat 3: 4d90bf1e (big blind) folded on the Flop
Seat 4: Hero folded before Flop (didn't bet)
Seat 5: 5e996e5f folded before Flop (didn't bet)
Seat 6: 60140ae5 folded before Flop (didn't bet)


Poker Hand #RC1448644903: Hold'em No Limit  ($0.05/$0.1) - 2023/04/03 19:01:44
Table 'RushAndCash1380163' 6-max Seat #1 is the button
Seat 1: 8442d7ae ($57.07 in chips)
Seat 2: Hero ($9.96 in chips)
Seat 3: 794d6732 ($12.16 in chips)
Seat 4: 4cbc3cf0 ($14.44 in chips)
Seat 5: 43a9377 ($9.23 in chips)
Seat 6: 61b20c17 ($7.54 in chips)
Hero: posts small blind $0.05
794d6732: posts big blind $0.1
*** HOLE CARDS ***
Dealt to 8442d7ae 
Dealt to Hero [7h Qh]
Dealt to 794d6732 
Dealt to 4cbc3cf0 
Dealt to 43a9377 
Dealt to 61b20c17 
4cbc3cf0: folds
43a9377: folds
61b20c17: folds
8442d7ae: raises $0.15 to $0.25
Hero: folds
794d6732: calls $0.15
*** FLOP *** [9s 4s 6s]
794d6732: checks
8442d7ae: bets $0.19
794d6732: folds
Uncalled bet ($0.19) returned to 8442d7ae
*** SHOWDOWN ***
8442d7ae collected $0.53 from pot
*** SUMMARY ***
Total pot $0.55 | Rake $0.02 | Jackpot $0 | Bingo $0 | Fortune $0
Board [9s 4s 6s]
Seat 1: 8442d7ae (button) won ($0.53)
Seat 2: Hero (small blind) folded before Flop
Seat 3: 794d6732 (big blind) folded on the Flop
Seat 4: 4cbc3cf0 folded before Flop (didn't bet)
Seat 5: 43a9377 folded before Flop (didn't bet)
Seat 6: 61b20c17 folded before Flop (didn't bet)


Poker Hand #RC1448594576: Hold'em No Limit  ($0.05/$0.1) - 2023/04/03 19:00:58
Table 'RushAndCash1379836' 6-max Seat #1 is the button
Seat 1: 8442d7ae ($60.94 in chips)
Seat 2: 61b20c17 ($3.87 in chips)
Seat 3: Hero ($10.21 in chips)
Seat 4: ce00439d ($11.25 in chips)
Seat 5: 3c9644e2 ($37.49 in chips)
Seat 6: d23f117e ($13.35 in chips)
61b20c17: posts small blind $0.05
Hero: posts big blind $0.1
*** HOLE CARDS ***
Dealt to 8442d7ae 
Dealt to 61b20c17 
Dealt to Hero [4h Ah]
Dealt to ce00439d 
Dealt to 3c9644e2 
Dealt to d23f117e 
ce00439d: folds
3c9644e2: folds
d23f117e: folds
8442d7ae: raises $0.15 to $0.25
61b20c17: calls $0.2
Hero: calls $0.15
*** FLOP *** [Qc Th 6s]
61b20c17: bets $0.57
Hero: folds
8442d7ae: raises $0.95 to $1.52
61b20c17: raises $2.1 to $3.62 and is all-in
8442d7ae: calls $2.1
61b20c17: shows [Qs 8s] (Pair of Queens)
8442d7ae: shows [Kd As] (Ace-High)
*** TURN *** [Qc Th 6s] [4s]
*** RIVER *** [Qc Th 6s 4s] [8d]
*** SHOWDOWN ***
61b20c17 collected $7.54 from pot
*** SUMMARY ***
Total pot $7.99 | Rake $0.3 | Jackpot $0.15 | Bingo $0 | Fortune $0
Board [Qc Th 6s 4s 8d]
Seat 1: 8442d7ae (button) showed [Kd As] and lost with Ace-High
Seat 2: 61b20c17 (small blind) showed [Qs 8s] and won ($7.54) with Pair of Queens and Pair of Eights
Seat 3: Hero (big blind) folded on the Flop
Seat 4: ce00439d folded before Flop (didn't bet)
Seat 5: 3c9644e2 folded before Flop (didn't bet)
Seat 6: d23f117e folded before Flop (didn't bet)


Poker Hand #RC1448594168: Hold'em No Limit  ($0.05/$0.1) - 2023/04/03 19:00:01
Table 'RushAndCash1379428' 6-max Seat #1 is the button
Seat 1: Hero ($9.61 in chips)
Seat 2: f4282321 ($17.44 in chips)
Seat 3: 7b005894 ($10.22 in chips)
Seat 4: 4b395926 ($8.3 in chips)
Seat 5: 3c9644e2 ($37.99 in chips)
Seat 6: fc93c5a4 ($9.85 in chips)
f4282321: posts small blind $0.05
7b005894: posts big blind $0.1
*** HOLE CARDS ***
Dealt to Hero [Qc 9c]
Dealt to f4282321 
Dealt to 7b005894 
Dealt to 4b395926 
Dealt to 3c9644e2 
Dealt to fc93c5a4 
4b395926: folds
3c9644e2: raises $0.15 to $0.25
fc93c5a4: folds
Hero: calls $0.25
f4282321: folds
7b005894: folds
*** FLOP *** [2s Kc Jd]
3c9644e2: bets $0.25
Hero: calls $0.25
*** TURN *** [2s Kc Jd] [Qd]
3c9644e2: checks
Hero: checks
*** RIVER *** [2s Kc Jd Qd] [4d]
3c9644e2: checks
Hero: bets $0.35
3c9644e2: folds
Uncalled bet ($0.35) returned to Hero
*** SHOWDOWN ***
Hero collected $1.1 from pot
*** SUMMARY ***
Total pot $1.15 | Rake $0.05 | Jackpot $0 | Bingo $0 | Fortune $0
Board [2s Kc Jd Qd 4d]
Seat 1: Hero (button) won ($1.1)
Seat 2: f4282321 (small blind) folded before Flop
Seat 3: 7b005894 (big blind) folded before Flop
Seat 4: 4b395926 folded before Flop (didn't bet)
Seat 5: 3c9644e2 folded on the River
Seat 6: fc93c5a4 folded before Flop (didn't bet)


Poker Hand #RC1448594130: Hold'em No Limit  ($0.05/$0.1) - 2023/04/03 18:59:55
Table 'RushAndCash1379390' 6-max Seat #1 is the button
Seat 1: e0e4324 ($10.98 in chips)
Seat 2: f541e54a ($11.12 in chips)
Seat 3: e6c67f7 ($10 in chips)
Seat 4: Hero ($9.61 in chips)
Seat 5: c076802 ($16.82 in chips)
Seat 6: a3fcfae1 ($11.28 in chips)
f541e54a: posts small blind $0.05
e6c67f7: posts big blind $0.1
*** HOLE CARDS ***
Dealt to e0e4324 
Dealt to f541e54a 
Dealt to e6c67f7 
Dealt to Hero [9s Qc]
Dealt to c076802 
Dealt to a3fcfae1 
Hero: folds
c076802: folds
a3fcfae1: folds
e0e4324: folds
f541e54a: folds
Uncalled bet ($0.05) returned to e6c67f7
*** SHOWDOWN ***
e6c67f7 collected $0.1 from pot
*** SUMMARY ***
Total pot $0.1 | Rake $0 | Jackpot $0 | Bingo $0 | Fortune $0
Seat 1: e0e4324 (button) folded before Flop (didn't bet)
Seat 2: f541e54a (small blind) folded before Flop
Seat 3: e6c67f7 (big blind) collected ($0.1)
Seat 4: Hero folded before Flop (didn't bet)
Seat 5: c076802 folded before Flop (didn't bet)
Seat 6: a3fcfae1 folded before Flop (didn't bet)


Poker Hand #RC1448594060: Hold'em No Limit  ($0.05/$0.1) - 2023/04/03 18:59:46
Table 'RushAndCash1379320' 6-max Seat #1 is the button
Seat 1: 8b94f532 ($9.85 in chips)
Seat 2: 696cd752 ($13.89 in chips)
Seat 3: 1df78ab ($15.08 in chips)
Seat 4: 2ed5aa83 ($10 in chips)
Seat 5: f3e15286 ($18.43 in chips)
Seat 6: Hero ($9.61 in chips)
696cd752: posts small blind $0.05
1df78ab: posts big blind $0.1
*** HOLE CARDS ***
Dealt to 8b94f532 
Dealt to 696cd752 
Dealt to 1df78ab 
Dealt to 2ed5aa83 
Dealt to f3e15286 
Dealt to Hero [Th 5s]
2ed5aa83: raises $0.15 to $0.25
f3e15286: folds
Hero: folds
8b94f532: folds
696cd752: folds
1df78ab: raises $0.65 to $0.9
2ed5aa83: calls $0.65
*** FLOP *** [8c Tc 7c]
1df78ab: bets $0.6
2ed5aa83: calls $0.6
*** TURN *** [8c Tc 7c] [2h]
1df78ab: bets $3.8
2ed5aa83: calls $3.8
*** RIVER *** [8c Tc 7c 2h] [Qd]
1df78ab: checks
2ed5aa83: bets $4.7 and is all-in
1df78ab: calls $4.7
2ed5aa83: shows [Qc Qs] (Three Queens)
1df78ab: shows [Kc Kd] (Pair of Kings)
*** SHOWDOWN ***
2ed5aa83 collected $19.6 from pot
*** SUMMARY ***
Total pot $20.05 | Rake $0.3 | Jackpot $0.15 | Bingo $0 | Fortune $0
Board [8c Tc 7c 2h Qd]
Seat 1: 8b94f532 (button) folded before Flop (didn't bet)
Seat 2: 696cd752 (small blind) folded before Flop
Seat 3: 1df78ab (big blind) showed [Kc Kd] and lost with Pair of Kings
Seat 4: 2ed5aa83 showed [Qc Qs] and won ($19.6) with Three Queens
Seat 5: f3e15286 folded before Flop (didn't bet)
Seat 6: Hero folded before Flop (didn't bet)


Poker Hand #RC1448593903: Hold'em No Limit  ($0.05/$0.1) - 2023/04/03 18:59:27
Table 'RushAndCash1379163' 6-max Seat #1 is the button
Seat 1: Hero ($9.46 in chips)
Seat 2: 75d05159 ($10 in chips)
Seat 3: 4c5b84dd ($11.14 in chips)
Seat 4: 86afc5ab ($19.18 in chips)
Seat 5: 5b94244c ($2.79 in chips)
Seat 6: 8125b99f ($11.43 in chips)
75d05159: posts small blind $0.05
4c5b84dd: posts big blind $0.1
*** HOLE CARDS ***
Dealt to Hero [9c Th]
Dealt to 75d05159 
Dealt to 4c5b84dd 
Dealt to 86afc5ab 
Dealt to 5b94244c 
Dealt to 8125b99f 
86afc5ab: folds
5b94244c: folds
8125b99f: folds
Hero: raises $0.15 to $0.25
75d05159: folds
4c5b84dd: folds
Uncalled bet ($0.15) returned to Hero
*** SHOWDOWN ***
Hero collected $0.25 from pot
*** SUMMARY ***
Total pot $0.25 | Rake $0 | Jackpot $0 | Bingo $0 | Fortune $0
Seat 1: Hero (button) collected ($0.25)
Seat 2: 75d05159 (small blind) folded before Flop
Seat 3: 4c5b84dd (big blind) folded before Flop
Seat 4: 86afc5ab folded before Flop (didn't bet)
Seat 5: 5b94244c folded before Flop (didn't bet)
Seat 6: 8125b99f folded before Flop (didn't bet)


Poker Hand #RC1448593777: Hold'em No Limit  ($0.05/$0.1) - 2023/04/03 18:59:10
Table 'RushAndCash1379037' 6-max Seat #1 is the button
Seat 1: f4005b95 ($10.86 in chips)
Seat 2: Hero ($9.51 in chips)
Seat 3: 57091227 ($10.25 in chips)
Seat 4: 9e90221 ($17.21 in chips)
Seat 5: 11d8f898 ($13.87 in chips)
Seat 6: 2ed5aa83 ($10 in chips)
Hero: posts small blind $0.05
57091227: posts big blind $0.1
*** HOLE CARDS ***
Dealt to f4005b95 
Dealt to Hero [Js Tc]
Dealt to 57091227 
Dealt to 9e90221 
Dealt to 11d8f898 
Dealt to 2ed5aa83 
9e90221: folds
11d8f898: raises $0.13 to $0.23
2ed5aa83: folds
f4005b95: folds
Hero: folds
57091227: folds
Uncalled bet ($0.13) returned to 11d8f898
*** SHOWDOWN ***
11d8f898 collected $0.25 from pot
*** SUMMARY ***
Total pot $0.25 | Rake $0 | Jackpot $0 | Bingo $0 | Fortune $0
Seat 1: f4005b95 (button) folded before Flop (didn't bet)
Seat 2: Hero (small blind) folded before Flop
Seat 3: 57091227 (big blind) folded before Flop
Seat 4: 9e90221 folded before Flop (didn't bet)
Seat 5: 11d8f898 collected ($0.25)
Seat 6: 2ed5aa83 folded before Flop (didn't bet)


Poker Hand #RC1448593413: Hold'em No Limit  ($0.05/$0.1) - 2023/04/03 18:58:24
Table 'RushAndCash1378673' 6-max Seat #1 is the button
Seat 1: 30e1034d ($11.91 in chips)
Seat 2: 57091227 ($10.45 in chips)
Seat 3: Hero ($9.33 in chips)
Seat 4: 4c52d529 ($11.14 in chips)
Seat 5: 11d8f898 ($14.02 in chips)
Seat 6: ae11b45 ($2.74 in chips)
57091227: posts small blind $0.05
Hero: posts big blind $0.1
*** HOLE CARDS ***
Dealt to 30e1034d 
Dealt to 57091227 
Dealt to Hero [Jd 9h]
Dealt to 4c52d529 
Dealt to 11d8f898 
Dealt to ae11b45 
4c52d529: folds
11d8f898: folds
ae11b45: folds
30e1034d: folds
57091227: raises $0.1 to $0.2
Hero: calls $0.1
*** FLOP *** [Td Qs 7s]
57091227: checks
Hero: bets $0.2
57091227: folds
Uncalled bet ($0.2) returned to Hero
*** SHOWDOWN ***
Hero collected $0.38 from pot
*** SUMMARY ***
Total pot $0.4 | Rake $0.02 | Jackpot $0 | Bingo $0 | Fortune $0
Board [Td Qs 7s]
Seat 1: 30e1034d (button) folded before Flop (didn't bet)
Seat 2: 57091227 (small blind) folded on the Flop
Seat 3: Hero (big blind) won ($0.38)
Seat 4: 4c52d529 folded before Flop (didn't bet)
Seat 5: 11d8f898 folded before Flop (didn't bet)
Seat 6: ae11b45 folded before Flop (didn't bet)


Poker Hand #RC1448593375: Hold'em No Limit  ($0.05/$0.1) - 2023/04/03 18:58:18
Table 'RushAndCash1378635' 6-max Seat #1 is the button
Seat 1: f6c53124 ($11.41 in chips)
Seat 2: 4c72ad6c ($18.93 in chips)
Seat 3: 54c7d4f9 ($25.77 in chips)
Seat 4: 4c5b84dd ($10.53 in chips)
Seat 5: Hero ($9.33 in chips)
Seat 6: 76d751df ($8.09 in chips)
4c72ad6c: posts small blind $0.05
54c7d4f9: posts big blind $0.1
*** HOLE CARDS ***
Dealt to f6c53124 
Dealt to 4c72ad6c 
Dealt to 54c7d4f9 
Dealt to 4c5b84dd 
Dealt to Hero [Qh Ts]
Dealt to 76d751df 
4c5b84dd: folds
Hero: folds
76d751df: folds
f6c53124: folds
4c72ad6c: folds
Uncalled bet ($0.05) returned to 54c7d4f9
*** SHOWDOWN ***
54c7d4f9 collected $0.1 from pot
*** SUMMARY ***
Total pot $0.1 | Rake $0 | Jackpot $0 | Bingo $0 | Fortune $0
Seat 1: f6c53124 (button) folded before Flop (didn't bet)
Seat 2: 4c72ad6c (small blind) folded before Flop
Seat 3: 54c7d4f9 (big blind) collected ($0.1)
Seat 4: 4c5b84dd folded before Flop (didn't bet)
Seat 5: Hero folded before Flop (didn't bet)
Seat 6: 76d751df folded before Flop (didn't bet)


Poker Hand #RC1448593337: Hold'em No Limit  ($0.05/$0.1) - 2023/04/03 18:58:14
Table 'RushAndCash1378597' 6-max Seat #1 is the button
Seat 1: bde17a9e ($23.45 in chips)
Seat 2: 39fdb23f ($23.74 in chips)
Seat 3: 80e7d3a8 ($10 in chips)
Seat 4: Hero ($9.33 in chips)
Seat 5: 5edb32c9 ($24.53 in chips)
Seat 6: 9284458c ($14.51 in chips)
39fdb23f: posts small blind $0.05
80e7d3a8: posts big blind $0.1
*** HOLE CARDS ***
Dealt to bde17a9e 
Dealt to 39fdb23f 
Dealt to 80e7d3a8 
Dealt to Hero [2h 2c]
Dealt to 5edb32c9 
Dealt to 9284458c 
Hero: folds
5edb32c9: folds
9284458c: raises $0.15 to $0.25
bde17a9e: calls $0.25
39fdb23f: folds
80e7d3a8: folds
*** FLOP *** [9d Qc 6h]
9284458c: checks
bde17a9e: checks
*** TURN *** [9d Qc 6h] [7c]
9284458c: bets $0.4
bde17a9e: folds
Uncalled bet ($0.4) returned to 9284458c
*** SHOWDOWN ***
9284458c collected $0.62 from pot
*** SUMMARY ***
Total pot $0.65 | Rake $0.03 | Jackpot $0 | Bingo $0 | Fortune $0
Board [9d Qc 6h 7c]
Seat 1: bde17a9e (button) folded on the Turn
Seat 2: 39fdb23f (small blind) folded before Flop
Seat 3: 80e7d3a8 (big blind) folded before Flop
Seat 4: Hero folded before Flop (didn't bet)
Seat 5: 5edb32c9 folded before Flop (didn't bet)
Seat 6: 9284458c won ($0.62)


Poker Hand #RC1448593292: Hold'em No Limit  ($0.05/$0.1) - 2023/04/03 18:58:07
Table 'RushAndCash1378552' 6-max Seat #1 is the button
Seat 1: 3fdaa37 ($23.94 in chips)
Seat 2: 8f24de5c ($20.73 in chips)
Seat 3: 59d29a15 ($10.92 in chips)
Seat 4: Hero ($9.33 in chips)
Seat 5: a0f4e385 ($11.59 in chips)
Seat 6: 48ffd1de ($8.13 in chips)
8f24de5c: posts small blind $0.05
59d29a15: posts big blind $0.1
*** HOLE CARDS ***
Dealt to 3fdaa37 
Dealt to 8f24de5c 
Dealt to 59d29a15 
Dealt to Hero [5c 9d]
Dealt to a0f4e385 
Dealt to 48ffd1de 
Hero: folds
a0f4e385: folds
48ffd1de: raises $0.2 to $0.3
3fdaa37: folds
8f24de5c: folds
59d29a15: folds
Uncalled bet ($0.2) returned to 48ffd1de
*** SHOWDOWN ***
48ffd1de collected $0.25 from pot
*** SUMMARY ***
Total pot $0.25 | Rake $0 | Jackpot $0 | Bingo $0 | Fortune $0
Seat 1: 3fdaa37 (button) folded before Flop (didn't bet)
Seat 2: 8f24de5c (small blind) folded before Flop
Seat 3: 59d29a15 (big blind) folded before Flop
Seat 4: Hero folded before Flop (didn't bet)
Seat 5: a0f4e385 folded before Flop (didn't bet)
Seat 6: 48ffd1de collected ($0.25)


Poker Hand #RC1448593252: Hold'em No Limit  ($0.05/$0.1) - 2023/04/03 18:58:01
Table 'RushAndCash1378512' 6-max Seat #1 is the button
Seat 1: Hero ($9.33 in chips)
Seat 2: 493dbbe9 ($10 in chips)
Seat 3: 96a75c7a ($19.56 in chips)
Seat 4: e971ae4b ($8.3 in chips)
Seat 5: 50268aa8 ($10 in chips)
Seat 6: 615aadd8 ($12.77 in chips)
493dbbe9: posts small blind $0.05
96a75c7a: posts big blind $0.1
*** HOLE CARDS ***
Dealt to Hero [5s 4d]
Dealt to 493dbbe9 
Dealt to 96a75c7a 
Dealt to e971ae4b 
Dealt to 50268aa8 
Dealt to 615aadd8 
e971ae4b: folds
50268aa8: raises $0.15 to $0.25
615aadd8: folds
Hero: folds
493dbbe9: folds
96a75c7a: raises $0.55 to $0.8
50268aa8: calls $0.55
*** FLOP *** [Qs Qd Js]
96a75c7a: bets $0.55
50268aa8: calls $0.55
*** TURN *** [Qs Qd Js] [Tc]
96a75c7a: checks
50268aa8: checks
*** RIVER *** [Qs Qd Js Tc] [Kd]
96a75c7a: bets $0.95
50268aa8: folds
Uncalled bet ($0.95) returned to 96a75c7a
*** SHOWDOWN ***
96a75c7a collected $2.62 from pot
*** SUMMARY ***
Total pot $2.75 | Rake $0.13 | Jackpot $0 | Bingo $0 | Fortune $0
Board [Qs Qd Js Tc Kd]
Seat 1: Hero (button) folded before Flop (didn't bet)
Seat 2: 493dbbe9 (small blind) folded before Flop
Seat 3: 96a75c7a (big blind) won ($2.62)
Seat 4: e971ae4b folded before Flop (didn't bet)
Seat 5: 50268aa8 folded on the River
Seat 6: 615aadd8 folded before Flop (didn't bet)


Poker Hand #RC1448593118: Hold'em No Limit  ($0.05/$0.1) - 2023/04/03 18:57:43
Table 'RushAndCash1378378' 6-max Seat #1 is the button
Seat 1: bde0654c ($12 in chips)
Seat 2: Hero ($9.38 in chips)
Seat 3: f0ad5f62 ($13.09 in chips)
Seat 4: 548dc649 ($10.15 in chips)
Seat 5: 7be4719 ($10.45 in chips)
Seat 6: 3c7c3526 ($10 in chips)
Hero: posts small blind $0.05
f0ad5f62: posts big blind $0.1
*** HOLE CARDS ***
Dealt to bde0654c 
Dealt to Hero [9h Kh]
Dealt to f0ad5f62 
Dealt to 548dc649 
Dealt to 7be4719 
Dealt to 3c7c3526 
548dc649: raises $0.12 to $0.22
7be4719: folds
3c7c3526: folds
bde0654c: folds
Hero: folds
f0ad5f62: calls $0.12
*** FLOP *** [7h 7d Jh]
f0ad5f62: checks
548dc649: bets $0.2
f0ad5f62: calls $0.2
*** TURN *** [7h 7d Jh] [Ah]
f0ad5f62: checks
548dc649: bets $0.6
f0ad5f62: calls $0.6
*** RIVER *** [7h 7d Jh Ah] [Ks]
f0ad5f62: checks
548dc649: checks
f0ad5f62: shows [9s 9c] (Pair of Nines and Pair of Sevens)
548dc649: shows [Tc Ts] (Pair of Tens and Pair of Sevens)
*** SHOWDOWN ***
548dc649 collected $1.99 from pot
*** SUMMARY ***
Total pot $2.09 | Rake $0.1 | Jackpot $0 | Bingo $0 | Fortune $0
Board [7h 7d Jh Ah Ks]
Seat 1: bde0654c (button) folded before Flop (didn't bet)
Seat 2: Hero (small blind) folded before Flop
Seat 3: f0ad5f62 (big blind) showed [9s 9c] and lost with Pair of Nines and Pair of Sevens
Seat 4: 548dc649 showed [Tc Ts] and won ($1.99) with Pair of Tens and Pair of Sevens
Seat 5: 7be4719 folded before Flop (didn't bet)
Seat 6: 3c7c3526 folded before Flop (didn't bet)


Poker Hand #RC1448592867: Hold'em No Limit  ($0.05/$0.1) - 2023/04/03 18:57:07
Table 'RushAndCash1378127' 6-max Seat #1 is the button
Seat 1: f062092 ($18.73 in chips)
Seat 2: 7f45fdac ($18.99 in chips)
Seat 3: Hero ($9.63 in chips)
Seat 4: 3123697a ($11.79 in chips)
Seat 5: 2ef39ad0 ($11.83 in chips)
Seat 6: 56651d54 ($14.58 in chips)
7f45fdac: posts small blind $0.05
Hero: posts big blind $0.1
*** HOLE CARDS ***
Dealt to f062092 
Dealt to 7f45fdac 
Dealt to Hero [Td Js]
Dealt to 3123697a 
Dealt to 2ef39ad0 
Dealt to 56651d54 
3123697a: raises $0.15 to $0.25
2ef39ad0: folds
56651d54: folds
f062092: folds
7f45fdac: folds
Hero: calls $0.15
*** FLOP *** [Ac 4d 9s]
Hero: checks
3123697a: bets $0.42
Hero: folds
Uncalled bet ($0.42) returned to 3123697a
*** SHOWDOWN ***
3123697a collected $0.53 from pot
*** SUMMARY ***
Total pot $0.55 | Rake $0.02 | Jackpot $0 | Bingo $0 | Fortune $0
Board [Ac 4d 9s]
Seat 1: f062092 (button) folded before Flop (didn't bet)
Seat 2: 7f45fdac (small blind) folded before Flop
Seat 3: Hero (big blind) folded on the Flop
Seat 4: 3123697a won ($0.53)
Seat 5: 2ef39ad0 folded before Flop (didn't bet)
Seat 6: 56651d54 folded before Flop (didn't bet)


Poker Hand #RC1448592828: Hold'em No Limit  ($0.05/$0.1) - 2023/04/03 18:57:03
Table 'RushAndCash1378088' 6-max Seat #1 is the button
Seat 1: b45cb74a ($30.09 in chips)
Seat 2: 677f86ea ($10.29 in chips)
Seat 3: c9c3e2c0 ($22.97 in chips)
Seat 4: 74f58343 ($10 in chips)
Seat 5: Hero ($9.63 in chips)
Seat 6: d5f5e1d7 ($10.2 in chips)
677f86ea: posts small blind $0.05
c9c3e2c0: posts big blind $0.1
*** HOLE CARDS ***
Dealt to b45cb74a 
Dealt to 677f86ea 
Dealt to c9c3e2c0 
Dealt to 74f58343 
Dealt to Hero [Qh 4s]
Dealt to d5f5e1d7 
74f58343: folds
Hero: folds
d5f5e1d7: folds
b45cb74a: raises $0.18 to $0.28
677f86ea: folds
c9c3e2c0: folds
Uncalled bet ($0.18) returned to b45cb74a
*** SHOWDOWN ***
b45cb74a collected $0.25 from pot
*** SUMMARY ***
Total pot $0.25 | Rake $0 | Jackpot $0 | Bingo $0 | Fortune $0
Seat 1: b45cb74a (button) collected ($0.25)
Seat 2: 677f86ea (small blind) folded before Flop
Seat 3: c9c3e2c0 (big blind) folded before Flop
Seat 4: 74f58343 folded before Flop (didn't bet)
Seat 5: Hero folded before Flop (didn't bet)
Seat 6: d5f5e1d7 folded before Flop (didn't bet)


Poker Hand #RC1448592665: Hold'em No Limit  ($0.05/$0.1) - 2023/04/03 18:56:41
Table 'RushAndCash1377925' 6-max Seat #1 is the button
Seat 1: 25413434 ($10.15 in chips)
Seat 2: f3e15286 ($18.93 in chips)
Seat 3: 677f86ea ($10.54 in chips)
Seat 4: Hero ($9.35 in chips)
Seat 5: f2a9bdad ($5.7 in chips)
Seat 6: 5a30f2b5 ($18.14 in chips)
f3e15286: posts small blind $0.05
677f86ea: posts big blind $0.1
*** HOLE CARDS ***
Dealt to 25413434 
Dealt to f3e15286 
Dealt to 677f86ea 
Dealt to Hero [8c 9c]
Dealt to f2a9bdad 
Dealt to 5a30f2b5 
Hero: raises $0.15 to $0.25
f2a9bdad: folds
5a30f2b5: folds
25413434: folds
f3e15286: folds
677f86ea: calls $0.15
*** FLOP *** [Kd Ah 9h]
677f86ea: checks
Hero: bets $0.15
677f86ea: folds
Uncalled bet ($0.15) returned to Hero
*** SHOWDOWN ***
Hero collected $0.53 from pot
*** SUMMARY ***
Total pot $0.55 | Rake $0.02 | Jackpot $0 | Bingo $0 | Fortune $0
Board [Kd Ah 9h]
Seat 1: 25413434 (button) folded before Flop (didn't bet)
Seat 2: f3e15286 (small blind) folded before Flop
Seat 3: 677f86ea (big blind) folded on the Flop
Seat 4: Hero won ($0.53)
Seat 5: f2a9bdad folded before Flop (didn't bet)
Seat 6: 5a30f2b5 folded before Flop (didn't bet)


Poker Hand #RC1448592624: Hold'em No Limit  ($0.05/$0.1) - 2023/04/03 18:56:36
Table 'RushAndCash1377884' 6-max Seat #1 is the button
Seat 1: e8301094 ($10.61 in chips)
Seat 2: cb2d71cb ($10 in chips)
Seat 3: d55b8493 ($10.65 in chips)
Seat 4: Hero ($9.35 in chips)
Seat 5: cae953ea ($10.27 in chips)
Seat 6: bae51bab ($20.53 in chips)
cb2d71cb: posts small blind $0.05
d55b8493: posts big blind $0.1
*** HOLE CARDS ***
Dealt to e8301094 
Dealt to cb2d71cb 
Dealt to d55b8493 
Dealt to Hero [6s Kd]
Dealt to cae953ea 
Dealt to bae51bab 
Hero: folds
cae953ea: raises $0.2 to $0.3
bae51bab: folds
e8301094: folds
cb2d71cb: folds
d55b8493: folds
Uncalled bet ($0.2) returned to cae953ea
*** SHOWDOWN ***
cae953ea collected $0.25 from pot
*** SUMMARY ***
Total pot $0.25 | Rake $0 | Jackpot $0 | Bingo $0 | Fortune $0
Seat 1: e8301094 (button) folded before Flop (didn't bet)
Seat 2: cb2d71cb (small blind) folded before Flop
Seat 3: d55b8493 (big blind) folded before Flop
Seat 4: Hero folded before Flop (didn't bet)
Seat 5: cae953ea collected ($0.25)
Seat 6: bae51bab folded before Flop (didn't bet)


Poker Hand #RC1448592569: Hold'em No Limit  ($0.05/$0.1) - 2023/04/03 18:56:29
Table 'RushAndCash1377829' 6-max Seat #1 is the button
Seat 1: 16930cd2 ($13.68 in chips)
Seat 2: a4f5523d ($4.28 in chips)
Seat 3: 10a45f4c ($22.13 in chips)
Seat 4: b0970f73 ($15.68 in chips)
Seat 5: Hero ($9.35 in chips)
Seat 6: 4a904636 ($17.78 in chips)
a4f5523d: posts small blind $0.05
10a45f4c: posts big blind $0.1
*** HOLE CARDS ***
Dealt to 16930cd2 
Dealt to a4f5523d 
Dealt to 10a45f4c 
Dealt to b0970f73 
Dealt to Hero [Ks 7h]
Dealt to 4a904636 
b0970f73: folds
Hero: folds
4a904636: folds
16930cd2: folds
a4f5523d: folds
Uncalled bet ($0.05) returned to 10a45f4c
*** SHOWDOWN ***
10a45f4c collected $0.1 from pot
*** SUMMARY ***
Total pot $0.1 | Rake $0 | Jackpot $0 | Bingo $0 | Fortune $0
Seat 1: 16930cd2 (button) folded before Flop (didn't bet)
Seat 2: a4f5523d (small blind) folded before Flop
Seat 3: 10a45f4c (big blind) collected ($0.1)
Seat 4: b0970f73 folded before Flop (didn't bet)
Seat 5: Hero folded before Flop (didn't bet)
Seat 6: 4a904636 folded before Flop (didn't bet)


Poker Hand #RC1448592358: Hold'em No Limit  ($0.05/$0.1) - 2023/04/03 18:55:59
Table 'RushAndCash1377618' 6-max Seat #1 is the button
Seat 1: Hero ($8.65 in chips)
Seat 2: 75b43d9c ($13.8 in chips)
Seat 3: 842cd3a ($12.18 in chips)
Seat 4: f883d93 ($10.51 in chips)
Seat 5: 470e9214 ($11.98 in chips)
Seat 6: 9008f254 ($11.45 in chips)
75b43d9c: posts small blind $0.05
842cd3a: posts big blind $0.1
*** HOLE CARDS ***
Dealt to Hero [Ad Th]
Dealt to 75b43d9c 
Dealt to 842cd3a 
Dealt to f883d93 
Dealt to 470e9214 
Dealt to 9008f254 
f883d93: raises $0.1 to $0.2
470e9214: folds
9008f254: folds
Hero: raises $0.42 to $0.62
75b43d9c: folds
842cd3a: folds
f883d93: calls $0.42
*** FLOP *** [5c 9h 7h]
f883d93: checks
Hero: bets $0.7
f883d93: folds
Uncalled bet ($0.7) returned to Hero
*** SHOWDOWN ***
Hero collected $1.32 from pot
*** SUMMARY ***
Total pot $1.39 | Rake $0.07 | Jackpot $0 | Bingo $0 | Fortune $0
Board [5c 9h 7h]
Seat 1: Hero (button) won ($1.32)
Seat 2: 75b43d9c (small blind) folded before Flop
Seat 3: 842cd3a (big blind) folded before Flop
Seat 4: f883d93 folded on the Flop
Seat 5: 470e9214 folded before Flop (didn't bet)
Seat 6: 9008f254 folded before Flop (didn't bet)


Poker Hand #RC1448592304: Hold'em No Limit  ($0.05/$0.1) - 2023/04/03 18:55:52
Table 'RushAndCash1377564' 6-max Seat #1 is the button
Seat 1: f1a8f53d ($12.01 in chips)
Seat 2: Hero ($8.7 in chips)
Seat 3: 1ea57658 ($11.08 in chips)
Seat 4: 4857fc8c ($27.85 in chips)
Seat 5: 6be4f897 ($10.05 in chips)
Seat 6: 186eb4b3 ($10.3 in chips)
Hero: posts small blind $0.05
1ea57658: posts big blind $0.1
*** HOLE CARDS ***
Dealt to f1a8f53d 
Dealt to Hero [2d 5h]
Dealt to 1ea57658 
Dealt to 4857fc8c 
Dealt to 6be4f897 
Dealt to 186eb4b3 
4857fc8c: folds
6be4f897: folds
186eb4b3: folds
f1a8f53d: raises $0.12 to $0.22
Hero: folds
1ea57658: calls $0.12
*** FLOP *** [9s 8d Ts]
1ea57658: checks
f1a8f53d: bets $0.17
1ea57658: calls $0.17
*** TURN *** [9s 8d Ts] [Jd]
1ea57658: checks
f1a8f53d: bets $1
1ea57658: calls $1
*** RIVER *** [9s 8d Ts Jd] [8h]
1ea57658: bets $1.1
f1a8f53d: calls $1.1
1ea57658: shows [Kh Qc] (Kings-High Straight)
f1a8f53d: shows [Ad 8c] (Three Eights)
*** SHOWDOWN ***
1ea57658 collected $4.64 from pot
*** SUMMARY ***
Total pot $5.03 | Rake $0.24 | Jackpot $0.15 | Bingo $0 | Fortune $0
Board [9s 8d Ts Jd 8h]
Seat 1: f1a8f53d (button) showed [Ad 8c] and lost with Three Eights
Seat 2: Hero (small blind) folded before Flop
Seat 3: 1ea57658 (big blind) showed [Kh Qc] and won ($4.64) with Kings-High Straight
Seat 4: 4857fc8c folded before Flop (didn't bet)
Seat 5: 6be4f897 folded before Flop (didn't bet)
Seat 6: 186eb4b3 folded before Flop (didn't bet)


Poker Hand #RC1448592129: Hold'em No Limit  ($0.05/$0.1) - 2023/04/03 18:55:28
Table 'RushAndCash1377389' 6-max Seat #1 is the button
Seat 1: e8301094 ($11.01 in chips)
Seat 2: 6a83761b ($10 in chips)
Seat 3: Hero ($8.8 in chips)
Seat 4: fdb28fa3 ($10 in chips)
Seat 5: 1c22407f ($17.01 in chips)
Seat 6: e3cb6319 ($40.61 in chips)
6a83761b: posts small blind $0.05
Hero: posts big blind $0.1
*** HOLE CARDS ***
Dealt to e8301094 
Dealt to 6a83761b 
Dealt to Hero [9d 4h]
Dealt to fdb28fa3 
Dealt to 1c22407f 
Dealt to e3cb6319 
fdb28fa3: folds
1c22407f: folds
e3cb6319: folds
e8301094: raises $0.1 to $0.2
6a83761b: raises $0.6 to $0.8
Hero: folds
e8301094: folds
Uncalled bet ($0.6) returned to 6a83761b
*** SHOWDOWN ***
6a83761b collected $0.48 from pot
*** SUMMARY ***
Total pot $0.5 | Rake $0.02 | Jackpot $0 | Bingo $0 | Fortune $0
Seat 1: e8301094 (button) folded before Flop
Seat 2: 6a83761b (small blind) collected ($0.48)
Seat 3: Hero (big blind) folded before Flop
Seat 4: fdb28fa3 folded before Flop (didn't bet)
Seat 5: 1c22407f folded before Flop (didn't bet)
Seat 6: e3cb6319 folded before Flop (didn't bet)


Poker Hand #RC1448592026: Hold'em No Limit  ($0.05/$0.1) - 2023/04/03 18:55:13
Table 'RushAndCash1377286' 6-max Seat #1 is the button
Seat 1: e421ebf5 ($32.36 in chips)
Seat 2: df2d0856 ($10.74 in chips)
Seat 3: 7daff6ba ($11.12 in chips)
Seat 4: 83076b03 ($10 in chips)
Seat 5: 940943ec ($38.8 in chips)
Seat 6: Hero ($8.8 in chips)
df2d0856: posts small blind $0.05
7daff6ba: posts big blind $0.1
*** HOLE CARDS ***
Dealt to e421ebf5 
Dealt to df2d0856 
Dealt to 7daff6ba 
Dealt to 83076b03 
Dealt to 940943ec 
Dealt to Hero [9c 5h]
83076b03: folds
940943ec: folds
Hero: folds
e421ebf5: folds
df2d0856: folds
Uncalled bet ($0.05) returned to 7daff6ba
*** SHOWDOWN ***
7daff6ba collected $0.1 from pot
*** SUMMARY ***
Total pot $0.1 | Rake $0 | Jackpot $0 | Bingo $0 | Fortune $0
Seat 1: e421ebf5 (button) folded before Flop (didn't bet)
Seat 2: df2d0856 (small blind) folded before Flop
Seat 3: 7daff6ba (big blind) collected ($0.1)
Seat 4: 83076b03 folded before Flop (didn't bet)
Seat 5: 940943ec folded before Flop (didn't bet)
Seat 6: Hero folded before Flop (didn't bet)


Poker Hand #RC1448591951: Hold'em No Limit  ($0.05/$0.1) - 2023/04/03 18:55:03
Table 'RushAndCash1377211' 6-max Seat #1 is the button
Seat 1: 934dae44 ($10 in chips)
Seat 2: b7facb6a ($4.94 in chips)
Seat 3: d3f0b2a0 ($10.88 in chips)
Seat 4: 9df24ab3 ($10 in chips)
Seat 5: Hero ($8.8 in chips)
Seat 6: b47e1f04 ($14.8 in chips)
b7facb6a: posts small blind $0.05
d3f0b2a0: posts big blind $0.1
*** HOLE CARDS ***
Dealt to 934dae44 
Dealt to b7facb6a 
Dealt to d3f0b2a0 
Dealt to 9df24ab3 
Dealt to Hero [7s 4s]
Dealt to b47e1f04 
9df24ab3: folds
Hero: folds
b47e1f04: folds
934dae44: folds
b7facb6a: folds
Uncalled bet ($0.05) returned to d3f0b2a0
*** SHOWDOWN ***
d3f0b2a0 collected $0.1 from pot
*** SUMMARY ***
Total pot $0.1 | Rake $0 | Jackpot $0 | Bingo $0 | Fortune $0
Seat 1: 934dae44 (button) folded before Flop (didn't bet)
Seat 2: b7facb6a (small blind) folded before Flop
Seat 3: d3f0b2a0 (big blind) collected ($0.1)
Seat 4: 9df24ab3 folded before Flop (didn't bet)
Seat 5: Hero folded before Flop (didn't bet)
Seat 6: b47e1f04 folded before Flop (didn't bet)


Poker Hand #RC1448591721: Hold'em No Limit  ($0.05/$0.1) - 2023/04/03 18:54:31
Table 'RushAndCash1376981' 6-max Seat #1 is the button
Seat 1: Hero ($9.05 in chips)
Seat 2: 2bd8e090 ($20.16 in chips)
Seat 3: 14b30e45 ($11.4 in chips)
Seat 4: 548b8e5f ($15.35 in chips)
Seat 5: 3343e770 ($8.34 in chips)
Seat 6: 701c9334 ($12.68 in chips)
2bd8e090: posts small blind $0.05
14b30e45: posts big blind $0.1
*** HOLE CARDS ***
Dealt to Hero [8d Ks]
Dealt to 2bd8e090 
Dealt to 14b30e45 
Dealt to 548b8e5f 
Dealt to 3343e770 
Dealt to 701c9334 
548b8e5f: folds
3343e770: folds
701c9334: folds
Hero: raises $0.15 to $0.25
2bd8e090: folds
14b30e45: raises $0.85 to $1.1
Hero: folds
Uncalled bet ($0.85) returned to 14b30e45
*** SHOWDOWN ***
14b30e45 collected $0.53 from pot
*** SUMMARY ***
Total pot $0.55 | Rake $0.02 | Jackpot $0 | Bingo $0 | Fortune $0
Seat 1: Hero (button) folded before Flop
Seat 2: 2bd8e090 (small blind) folded before Flop
Seat 3: 14b30e45 (big blind) collected ($0.53)
Seat 4: 548b8e5f folded before Flop (didn't bet)
Seat 5: 3343e770 folded before Flop (didn't bet)
Seat 6: 701c9334 folded before Flop (didn't bet)


Poker Hand #RC1448591637: Hold'em No Limit  ($0.05/$0.1) - 2023/04/03 18:54:19
Table 'RushAndCash1376897' 6-max Seat #1 is the button
Seat 1: a0f4e385 ($9.63 in chips)
Seat 2: Hero ($9.1 in chips)
Seat 3: 4dbd0eb2 ($20.4 in chips)
Seat 4: 4c52d529 ($10.52 in chips)
Seat 5: bcbd0bd ($13.22 in chips)
Seat 6: 94e1e223 ($10 in chips)
Hero: posts small blind $0.05
4dbd0eb2: posts big blind $0.1
*** HOLE CARDS ***
Dealt to a0f4e385 
Dealt to Hero [Kd 2c]
Dealt to 4dbd0eb2 
Dealt to 4c52d529 
Dealt to bcbd0bd 
Dealt to 94e1e223 
4c52d529: folds
bcbd0bd: folds
94e1e223: folds
a0f4e385: raises $0.1 to $0.2
Hero: folds
4dbd0eb2: folds
Uncalled bet ($0.1) returned to a0f4e385
*** SHOWDOWN ***
a0f4e385 collected $0.25 from pot
*** SUMMARY ***
Total pot $0.25 | Rake $0 | Jackpot $0 | Bingo $0 | Fortune $0
Seat 1: a0f4e385 (button) collected ($0.25)
Seat 2: Hero (small blind) folded before Flop
Seat 3: 4dbd0eb2 (big blind) folded before Flop
Seat 4: 4c52d529 folded before Flop (didn't bet)
Seat 5: bcbd0bd folded before Flop (didn't bet)
Seat 6: 94e1e223 folded before Flop (didn't bet)


Poker Hand #RC1448591496: Hold'em No Limit  ($0.05/$0.1) - 2023/04/03 18:53:59
Table 'RushAndCash1376756' 6-max Seat #1 is the button
Seat 1: f22c2153 ($10 in chips)
Seat 2: 3648e575 ($12.94 in chips)
Seat 3: Hero ($9.2 in chips)
Seat 4: 5a30f2b5 ($19.09 in chips)
Seat 5: 711da176 ($11.72 in chips)
Seat 6: 8a1ed0a ($10 in chips)
3648e575: posts small blind $0.05
Hero: posts big blind $0.1
*** HOLE CARDS ***
Dealt to f22c2153 
Dealt to 3648e575 
Dealt to Hero [Tc 5s]
Dealt to 5a30f2b5 
Dealt to 711da176 
Dealt to 8a1ed0a 
5a30f2b5: folds
711da176: folds
8a1ed0a: raises $0.13 to $0.23
f22c2153: folds
3648e575: folds
Hero: folds
Uncalled bet ($0.13) returned to 8a1ed0a
*** SHOWDOWN ***
8a1ed0a collected $0.25 from pot
*** SUMMARY ***
Total pot $0.25 | Rake $0 | Jackpot $0 | Bingo $0 | Fortune $0
Seat 1: f22c2153 (button) folded before Flop (didn't bet)
Seat 2: 3648e575 (small blind) folded before Flop
Seat 3: Hero (big blind) folded before Flop
Seat 4: 5a30f2b5 folded before Flop (didn't bet)
Seat 5: 711da176 folded before Flop (didn't bet)
Seat 6: 8a1ed0a collected ($0.25)


Poker Hand #RC1448591459: Hold'em No Limit  ($0.05/$0.1) - 2023/04/03 18:53:54
Table 'RushAndCash1376719' 6-max Seat #1 is the button
Seat 1: 9ef54a35 ($11.83 in chips)
Seat 2: 4d7e56c7 ($14.92 in chips)
Seat 3: 2dfb83b4 ($11.07 in chips)
Seat 4: Hero ($9.2 in chips)
Seat 5: d012da00 ($4.9 in chips)
Seat 6: 2763e6a8 ($10.7 in chips)
4d7e56c7: posts small blind $0.05
2dfb83b4: posts big blind $0.1
*** HOLE CARDS ***
Dealt to 9ef54a35 
Dealt to 4d7e56c7 
Dealt to 2dfb83b4 
Dealt to Hero [7h 6d]
Dealt to d012da00 
Dealt to 2763e6a8 
Hero: folds
d012da00: folds
2763e6a8: raises $0.15 to $0.25
9ef54a35: calls $0.25
4d7e56c7: raises $1.2 to $1.45
2dfb83b4: folds
2763e6a8: folds
9ef54a35: folds
Uncalled bet ($1.2) returned to 4d7e56c7
*** SHOWDOWN ***
4d7e56c7 collected $0.81 from pot
*** SUMMARY ***
Total pot $0.85 | Rake $0.04 | Jackpot $0 | Bingo $0 | Fortune $0
Seat 1: 9ef54a35 (button) folded before Flop
Seat 2: 4d7e56c7 (small blind) collected ($0.81)
Seat 3: 2dfb83b4 (big blind) folded before Flop
Seat 4: Hero folded before Flop (didn't bet)
Seat 5: d012da00 folded before Flop (didn't bet)
Seat 6: 2763e6a8 folded before Flop


Poker Hand #RC1448591338: Hold'em No Limit  ($0.05/$0.1) - 2023/04/03 18:53:37
Table 'RushAndCash1376598' 6-max Seat #1 is the button
Seat 1: feaa3e60 ($13.99 in chips)
Seat 2: ac873c37 ($20.54 in chips)
Seat 3: 5852acb4 ($10.15 in chips)
Seat 4: 7daff6ba ($10.86 in chips)
Seat 5: 25413434 ($10 in chips)
Seat 6: Hero ($9.45 in chips)
ac873c37: posts small blind $0.05
5852acb4: posts big blind $0.1
*** HOLE CARDS ***
Dealt to feaa3e60 
Dealt to ac873c37 
Dealt to 5852acb4 
Dealt to 7daff6ba 
Dealt to 25413434 
Dealt to Hero [Jh 9c]
7daff6ba: folds
25413434: folds
Hero: raises $0.15 to $0.25
feaa3e60: raises $0.5 to $0.75
ac873c37: folds
5852acb4: folds
Hero: folds
Uncalled bet ($0.5) returned to feaa3e60
*** SHOWDOWN ***
feaa3e60 collected $0.62 from pot
*** SUMMARY ***
Total pot $0.65 | Rake $0.03 | Jackpot $0 | Bingo $0 | Fortune $0
Seat 1: feaa3e60 (button) collected ($0.62)
Seat 2: ac873c37 (small blind) folded before Flop
Seat 3: 5852acb4 (big blind) folded before Flop
Seat 4: 7daff6ba folded before Flop (didn't bet)
Seat 5: 25413434 folded before Flop (didn't bet)
Seat 6: Hero folded before Flop


Poker Hand #RC1448590803: Hold'em No Limit  ($0.05/$0.1) - 2023/04/03 18:52:26
Table 'RushAndCash1376063' 6-max Seat #1 is the button
Seat 1: 6fcc609e ($12.15 in chips)
Seat 2: 2a58d631 ($3.56 in chips)
Seat 3: e8d7a8b9 ($10.58 in chips)
Seat 4: c8afedb3 ($11.23 in chips)
Seat 5: Hero ($9.75 in chips)
Seat 6: 68cad1a0 ($7.8 in chips)
2a58d631: posts small blind $0.05
e8d7a8b9: posts big blind $0.1
*** HOLE CARDS ***
Dealt to 6fcc609e 
Dealt to 2a58d631 
Dealt to e8d7a8b9 
Dealt to c8afedb3 
Dealt to Hero [Kd Ad]
Dealt to 68cad1a0 
c8afedb3: folds
Hero: raises $0.2 to $0.3
68cad1a0: calls $0.3
6fcc609e: folds
2a58d631: calls $0.25
e8d7a8b9: folds
*** FLOP *** [Qs 9c Tc]
2a58d631: checks
Hero: checks
68cad1a0: checks
*** TURN *** [Qs 9c Tc] [6d]
2a58d631: bets $0.33
Hero: folds
68cad1a0: calls $0.33
*** RIVER *** [Qs 9c Tc 6d] [2s]
2a58d631: checks
68cad1a0: checks
2a58d631: shows [9s 8d] (Pair of Nines)
68cad1a0: shows [Ts As] (Pair of Tens)
*** SHOWDOWN ***
68cad1a0 collected $1.58 from pot
*** SUMMARY ***
Total pot $1.66 | Rake $0.08 | Jackpot $0 | Bingo $0 | Fortune $0
Board [Qs 9c Tc 6d 2s]
Seat 1: 6fcc609e (button) folded before Flop (didn't bet)
Seat 2: 2a58d631 (small blind) showed [9s 8d] and lost with Pair of Nines
Seat 3: e8d7a8b9 (big blind) folded before Flop
Seat 4: c8afedb3 folded before Flop (didn't bet)
Seat 5: Hero folded on the Turn
Seat 6: 68cad1a0 showed [Ts As] and won ($1.58) with Pair of Tens


Poker Hand #RC1448590760: Hold'em No Limit  ($0.05/$0.1) - 2023/04/03 18:52:21
Table 'RushAndCash1376020' 6-max Seat #1 is the button
Seat 1: adabbfd9 ($21.28 in chips)
Seat 2: 69a246ce ($10.28 in chips)
Seat 3: 1d4b8614 ($10.1 in chips)
Seat 4: 9008f254 ($10.84 in chips)
Seat 5: Hero ($9.75 in chips)
Seat 6: ae11b45 ($3.49 in chips)
69a246ce: posts small blind $0.05
1d4b8614: posts big blind $0.1
*** HOLE CARDS ***
Dealt to adabbfd9 
Dealt to 69a246ce 
Dealt to 1d4b8614 
Dealt to 9008f254 
Dealt to Hero [7h 2h]
Dealt to ae11b45 
9008f254: folds
Hero: folds
ae11b45: folds
adabbfd9: raises $0.15 to $0.25
69a246ce: folds
1d4b8614: folds
Uncalled bet ($0.15) returned to adabbfd9
*** SHOWDOWN ***
adabbfd9 collected $0.25 from pot
*** SUMMARY ***
Total pot $0.25 | Rake $0 | Jackpot $0 | Bingo $0 | Fortune $0
Seat 1: adabbfd9 (button) collected ($0.25)
Seat 2: 69a246ce (small blind) folded before Flop
Seat 3: 1d4b8614 (big blind) folded before Flop
Seat 4: 9008f254 folded before Flop (didn't bet)
Seat 5: Hero folded before Flop (didn't bet)
Seat 6: ae11b45 folded before Flop (didn't bet)


Poker Hand #RC1448590497: Hold'em No Limit  ($0.05/$0.1) - 2023/04/03 18:51:43
Table 'RushAndCash1375757' 6-max Seat #1 is the button
Seat 1: Hero ($10 in chips)
Seat 2: 601242f3 ($23.28 in chips)
Seat 3: 69a246ce ($10 in chips)
Seat 4: 784c5570 ($12.85 in chips)
Seat 5: 56cb7810 ($10.9 in chips)
Seat 6: ba8cbe87 ($14.06 in chips)
601242f3: posts small blind $0.05
69a246ce: posts big blind $0.1
*** HOLE CARDS ***
Dealt to Hero [Jc Td]
Dealt to 601242f3 
Dealt to 69a246ce 
Dealt to 784c5570 
Dealt to 56cb7810 
Dealt to ba8cbe87 
784c5570: folds
56cb7810: folds
ba8cbe87: folds
Hero: raises $0.15 to $0.25
601242f3: folds
69a246ce: calls $0.15
*** FLOP *** [2c 6d 7h]
69a246ce: checks
Hero: checks
*** TURN *** [2c 6d 7h] [8h]
69a246ce: bets $0.28
Hero: folds
Uncalled bet ($0.28) returned to 69a246ce
*** SHOWDOWN ***
69a246ce collected $0.53 from pot
*** SUMMARY ***
Total pot $0.55 | Rake $0.02 | Jackpot $0 | Bingo $0 | Fortune $0
Board [2c 6d 7h 8h]
Seat 1: Hero (button) folded on the Turn
Seat 2: 601242f3 (small blind) folded before Flop
Seat 3: 69a246ce (big blind) won ($0.53)
Seat 4: 784c5570 folded before Flop (didn't bet)
Seat 5: 56cb7810 folded before Flop (didn't bet)
Seat 6: ba8cbe87 folded before Flop (didn't bet)


Poker Hand #RC1448590410: Hold'em No Limit  ($0.05/$0.1) - 2023/04/03 18:51:32
Table 'RushAndCash1375670' 6-max Seat #1 is the button
Seat 1: c65255d2 ($14.78 in chips)
Seat 2: Hero ($9.9 in chips)
Seat 3: 8ef2ca06 ($17.57 in chips)
Seat 4: 7139412e ($10.15 in chips)
Seat 5: 711da176 ($11.97 in chips)
Seat 6: 52242071 ($10.15 in chips)
Hero: posts small blind $0.05
8ef2ca06: posts big blind $0.1
*** HOLE CARDS ***
Dealt to c65255d2 
Dealt to Hero [Ah As]
Dealt to 8ef2ca06 
Dealt to 7139412e 
Dealt to 711da176 
Dealt to 52242071 
7139412e: folds
711da176: folds
52242071: folds
c65255d2: folds
Hero: raises $0.2 to $0.3
8ef2ca06: folds
Uncalled bet ($0.2) returned to Hero
*** SHOWDOWN ***
Hero collected $0.2 from pot
*** SUMMARY ***
Total pot $0.2 | Rake $0 | Jackpot $0 | Bingo $0 | Fortune $0
Seat 1: c65255d2 (button) folded before Flop (didn't bet)
Seat 2: Hero (small blind) collected ($0.2)
Seat 3: 8ef2ca06 (big blind) folded before Flop
Seat 4: 7139412e folded before Flop (didn't bet)
Seat 5: 711da176 folded before Flop (didn't bet)
Seat 6: 52242071 folded before Flop (didn't bet)


Poker Hand #RC1448590322: Hold'em No Limit  ($0.05/$0.1) - 2023/04/03 18:51:20
Table 'RushAndCash1375582' 6-max Seat #1 is the button
Seat 1: 2adf9ac4 ($37.8 in chips)
Seat 2: a01c424a ($9.2 in chips)
Seat 3: Hero ($10 in chips)
Seat 4: 430f23ac ($10 in chips)
Seat 5: 4c52d529 ($10.64 in chips)
Seat 6: c1592d05 ($13.81 in chips)
a01c424a: posts small blind $0.05
Hero: posts big blind $0.1
*** HOLE CARDS ***
Dealt to 2adf9ac4 
Dealt to a01c424a 
Dealt to Hero [3c 6d]
Dealt to 430f23ac 
Dealt to 4c52d529 
Dealt to c1592d05 
430f23ac: folds
4c52d529: folds
c1592d05: folds
2adf9ac4: raises $0.15 to $0.25
a01c424a: folds
Hero: folds
Uncalled bet ($0.15) returned to 2adf9ac4
*** SHOWDOWN ***
2adf9ac4 collected $0.25 from pot
*** SUMMARY ***
Total pot $0.25 | Rake $0 | Jackpot $0 | Bingo $0 | Fortune $0
Seat 1: 2adf9ac4 (button) collected ($0.25)
Seat 2: a01c424a (small blind) folded before Flop
Seat 3: Hero (big blind) folded before Flop
Seat 4: 430f23ac folded before Flop (didn't bet)
Seat 5: 4c52d529 folded before Flop (didn't bet)
Seat 6: c1592d05 folded before Flop (didn't bet)


