Poker Hand #RC1448342867: Hold'em No Limit  ($0.05/$0.1) - 2023/04/03 16:48:54
Table 'RushAndCash1318127' 6-max Seat #1 is the button
Seat 1: 3eb4967e ($10.13 in chips)
Seat 2: Hero ($11 in chips)
Seat 3: bbe9e000 ($10.15 in chips)
Seat 4: 1ba0726d ($5.78 in chips)
Seat 5: af4fb2ff ($9.54 in chips)
Seat 6: 9e390ba2 ($11.09 in chips)
Hero: posts small blind $0.05
bbe9e000: posts big blind $0.1
*** HOLE CARDS ***
Dealt to 3eb4967e 
Dealt to Hero [8c 7c]
Dealt to bbe9e000 
Dealt to 1ba0726d 
Dealt to af4fb2ff 
Dealt to 9e390ba2 
1ba0726d: folds
af4fb2ff: folds
9e390ba2: folds
3eb4967e: raises $0.13 to $0.23
Hero: folds
bbe9e000: folds
Uncalled bet ($0.13) returned to 3eb4967e
*** SHOWDOWN ***
3eb4967e collected $0.25 from pot
*** SUMMARY ***
Total pot $0.25 | Rake $0 | Jackpot $0 | Bingo $0 | Fortune $0
Seat 1: 3eb4967e (button) collected ($0.25)
Seat 2: Hero (small blind) folded before Flop
Seat 3: bbe9e000 (big blind) folded before Flop
Seat 4: 1ba0726d folded before Flop (didn't bet)
Seat 5: af4fb2ff folded before Flop (didn't bet)
Seat 6: 9e390ba2 folded before Flop (didn't bet)


Poker Hand #RC1448342564: Hold'em No Limit  ($0.05/$0.1) - 2023/04/03 16:48:19
Table 'RushAndCash1317824' 6-max Seat #1 is the button
Seat 1: 7822a798 ($10 in chips)
Seat 2: f099179d ($40.76 in chips)
Seat 3: ec712db1 ($10 in chips)
Seat 4: Hero ($10.24 in chips)
Seat 5: af4fb2ff ($10.22 in chips)
Seat 6: 98f2c949 ($9.85 in chips)
f099179d: posts small blind $0.05
ec712db1: posts big blind $0.1
*** HOLE CARDS ***
Dealt to 7822a798 
Dealt to f099179d 
Dealt to ec712db1 
Dealt to Hero [As Ah]
Dealt to af4fb2ff 
Dealt to 98f2c949 
Hero: raises $0.15 to $0.25
af4fb2ff: raises $0.43 to $0.68
98f2c949: folds
7822a798: folds
f099179d: folds
ec712db1: folds
Hero: raises $1.37 to $2.05
af4fb2ff: folds
Uncalled bet ($1.37) returned to Hero
*** SHOWDOWN ***
Hero collected $1.44 from pot
*** SUMMARY ***
Total pot $1.51 | Rake $0.07 | Jackpot $0 | Bingo $0 | Fortune $0
Seat 1: 7822a798 (button) folded before Flop (didn't bet)
Seat 2: f099179d (small blind) folded before Flop
Seat 3: ec712db1 (big blind) folded before Flop
Seat 4: Hero collected ($1.44)
Seat 5: af4fb2ff folded before Flop
Seat 6: 98f2c949 folded before Flop (didn't bet)


Poker Hand #RC1448342528: Hold'em No Limit  ($0.05/$0.1) - 2023/04/03 16:48:14
Table 'RushAndCash1317788' 6-max Seat #1 is the button
Seat 1: 2c3c901e ($12.21 in chips)
Seat 2: e5853d0c ($10.05 in chips)
Seat 3: d9640187 ($10 in chips)
Seat 4: b3df9a8a ($10 in chips)
Seat 5: Hero ($10.24 in chips)
Seat 6: 970f5cb8 ($24.72 in chips)
e5853d0c: posts small blind $0.05
d9640187: posts big blind $0.1
*** HOLE CARDS ***
Dealt to 2c3c901e 
Dealt to e5853d0c 
Dealt to d9640187 
Dealt to b3df9a8a 
Dealt to Hero [2c Qc]
Dealt to 970f5cb8 
b3df9a8a: folds
Hero: folds
970f5cb8: folds
2c3c901e: folds
e5853d0c: raises $0.15 to $0.25
d9640187: raises $0.5 to $0.75
e5853d0c: folds
Uncalled bet ($0.5) returned to d9640187
*** SHOWDOWN ***
d9640187 collected $0.48 from pot
*** SUMMARY ***
Total pot $0.5 | Rake $0.02 | Jackpot $0 | Bingo $0 | Fortune $0
Seat 1: 2c3c901e (button) folded before Flop (didn't bet)
Seat 2: e5853d0c (small blind) folded before Flop
Seat 3: d9640187 (big blind) collected ($0.48)
Seat 4: b3df9a8a folded before Flop (didn't bet)
Seat 5: Hero folded before Flop (didn't bet)
Seat 6: 970f5cb8 folded before Flop (didn't bet)


Poker Hand #RC1448342461: Hold'em No Limit  ($0.05/$0.1) - 2023/04/03 16:48:07
Table 'RushAndCash1317721' 6-max Seat #1 is the button
Seat 1: 23c0e46f ($24.97 in chips)
Seat 2: a8d39a6 ($11.28 in chips)
Seat 3: ee7f5153 ($12.85 in chips)
Seat 4: 5abc3fbf ($10 in chips)
Seat 5: Hero ($10.24 in chips)
Seat 6: 9bd67e53 ($27.97 in chips)
a8d39a6: posts small blind $0.05
ee7f5153: posts big blind $0.1
*** HOLE CARDS ***
Dealt to 23c0e46f 
Dealt to a8d39a6 
Dealt to ee7f5153 
Dealt to 5abc3fbf 
Dealt to Hero [9c 4h]
Dealt to 9bd67e53 
5abc3fbf: raises $0.15 to $0.25
Hero: folds
9bd67e53: folds
23c0e46f: folds
a8d39a6: folds
ee7f5153: folds
Uncalled bet ($0.15) returned to 5abc3fbf
*** SHOWDOWN ***
5abc3fbf collected $0.25 from pot
*** SUMMARY ***
Total pot $0.25 | Rake $0 | Jackpot $0 | Bingo $0 | Fortune $0
Seat 1: 23c0e46f (button) folded before Flop (didn't bet)
Seat 2: a8d39a6 (small blind) folded before Flop
Seat 3: ee7f5153 (big blind) folded before Flop
Seat 4: 5abc3fbf collected ($0.25)
Seat 5: Hero folded before Flop (didn't bet)
Seat 6: 9bd67e53 folded before Flop (didn't bet)


Poker Hand #RC1448342410: Hold'em No Limit  ($0.05/$0.1) - 2023/04/03 16:48:02
Table 'RushAndCash1317670' 6-max Seat #1 is the button
Seat 1: Hero ($10.24 in chips)
Seat 2: a3b36f9e ($12.31 in chips)
Seat 3: c73812b7 ($13.28 in chips)
Seat 4: 82a923d7 ($6.5 in chips)
Seat 5: 29742f0d ($10.65 in chips)
Seat 6: 6fe79924 ($10.35 in chips)
a3b36f9e: posts small blind $0.05
c73812b7: posts big blind $0.1
*** HOLE CARDS ***
Dealt to Hero [7s Jd]
Dealt to a3b36f9e 
Dealt to c73812b7 
Dealt to 82a923d7 
Dealt to 29742f0d 
Dealt to 6fe79924 
82a923d7: raises $0.25 to $0.35
29742f0d: calls $0.35
6fe79924: folds
Hero: folds
a3b36f9e: calls $0.3
c73812b7: folds
*** FLOP *** [2h 9h 6d]
a3b36f9e: checks
82a923d7: checks
29742f0d: checks
*** TURN *** [2h 9h 6d] [Ks]
a3b36f9e: checks
82a923d7: bets $0.87
29742f0d: folds
a3b36f9e: folds
Uncalled bet ($0.87) returned to 82a923d7
*** SHOWDOWN ***
82a923d7 collected $1.09 from pot
*** SUMMARY ***
Total pot $1.15 | Rake $0.06 | Jackpot $0 | Bingo $0 | Fortune $0
Board [2h 9h 6d Ks]
Seat 1: Hero (button) folded before Flop (didn't bet)
Seat 2: a3b36f9e (small blind) folded on the Turn
Seat 3: c73812b7 (big blind) folded before Flop
Seat 4: 82a923d7 won ($1.09)
Seat 5: 29742f0d folded on the Turn
Seat 6: 6fe79924 folded before Flop (didn't bet)


Poker Hand #RC1448342250: Hold'em No Limit  ($0.05/$0.1) - 2023/04/03 16:47:43
Table 'RushAndCash1317510' 6-max Seat #1 is the button
Seat 1: 958ba546 ($10 in chips)
Seat 2: 6c07218f ($8.28 in chips)
Seat 3: Hero ($10.34 in chips)
Seat 4: 9106d9f4 ($11.77 in chips)
Seat 5: f099179d ($40.76 in chips)
Seat 6: 161d11d3 ($10.05 in chips)
6c07218f: posts small blind $0.05
Hero: posts big blind $0.1
*** HOLE CARDS ***
Dealt to 958ba546 
Dealt to 6c07218f 
Dealt to Hero [Jc 2d]
Dealt to 9106d9f4 
Dealt to f099179d 
Dealt to 161d11d3 
9106d9f4: folds
f099179d: folds
161d11d3: raises $0.13 to $0.23
958ba546: folds
6c07218f: folds
Hero: folds
Uncalled bet ($0.13) returned to 161d11d3
*** SHOWDOWN ***
161d11d3 collected $0.25 from pot
*** SUMMARY ***
Total pot $0.25 | Rake $0 | Jackpot $0 | Bingo $0 | Fortune $0
Seat 1: 958ba546 (button) folded before Flop (didn't bet)
Seat 2: 6c07218f (small blind) folded before Flop
Seat 3: Hero (big blind) folded before Flop
Seat 4: 9106d9f4 folded before Flop (didn't bet)
Seat 5: f099179d folded before Flop (didn't bet)
Seat 6: 161d11d3 collected ($0.25)


Poker Hand #RC1448342026: Hold'em No Limit  ($0.05/$0.1) - 2023/04/03 16:47:15
Table 'RushAndCash1317286' 6-max Seat #1 is the button
Seat 1: dd667fe6 ($10 in chips)
Seat 2: Hero ($10.02 in chips)
Seat 3: b63568b4 ($11.01 in chips)
Seat 4: 1dafbf37 ($10.28 in chips)
Seat 5: 79da8360 ($21.54 in chips)
Seat 6: 8991082f ($14.61 in chips)
Hero: posts small blind $0.05
b63568b4: posts big blind $0.1
*** HOLE CARDS ***
Dealt to dd667fe6 
Dealt to Hero [Kc Th]
Dealt to b63568b4 
Dealt to 1dafbf37 
Dealt to 79da8360 
Dealt to 8991082f 
1dafbf37: folds
79da8360: folds
8991082f: folds
dd667fe6: raises $0.15 to $0.25
Hero: raises $0.75 to $1
b63568b4: folds
dd667fe6: folds
Uncalled bet ($0.75) returned to Hero
*** SHOWDOWN ***
Hero collected $0.57 from pot
*** SUMMARY ***
Total pot $0.6 | Rake $0.03 | Jackpot $0 | Bingo $0 | Fortune $0
Seat 1: dd667fe6 (button) folded before Flop
Seat 2: Hero (small blind) collected ($0.57)
Seat 3: b63568b4 (big blind) folded before Flop
Seat 4: 1dafbf37 folded before Flop (didn't bet)
Seat 5: 79da8360 folded before Flop (didn't bet)
Seat 6: 8991082f folded before Flop (didn't bet)


Poker Hand #RC1448341573: Hold'em No Limit  ($0.05/$0.1) - 2023/04/03 16:46:21
Table 'RushAndCash1316833' 6-max Seat #1 is the button
Seat 1: 1982a0f1 ($20.08 in chips)
Seat 2: a17c9b02 ($19.68 in chips)
Seat 3: 54c7d4f9 ($38.04 in chips)
Seat 4: 8afeb3a ($14.89 in chips)
Seat 5: 5ad8537a ($10.15 in chips)
Seat 6: Hero ($9.65 in chips)
a17c9b02: posts small blind $0.05
54c7d4f9: posts big blind $0.1
*** HOLE CARDS ***
Dealt to 1982a0f1 
Dealt to a17c9b02 
Dealt to 54c7d4f9 
Dealt to 8afeb3a 
Dealt to 5ad8537a 
Dealt to Hero [Js Ah]
8afeb3a: raises $0.15 to $0.25
5ad8537a: folds
Hero: calls $0.25
1982a0f1: folds
a17c9b02: folds
54c7d4f9: folds
*** FLOP *** [2d 8h 9s]
8afeb3a: checks
Hero: checks
*** TURN *** [2d 8h 9s] [Kd]
8afeb3a: checks
Hero: bets $0.33
8afeb3a: folds
Uncalled bet ($0.33) returned to Hero
*** SHOWDOWN ***
Hero collected $0.62 from pot
*** SUMMARY ***
Total pot $0.65 | Rake $0.03 | Jackpot $0 | Bingo $0 | Fortune $0
Board [2d 8h 9s Kd]
Seat 1: 1982a0f1 (button) folded before Flop (didn't bet)
Seat 2: a17c9b02 (small blind) folded before Flop
Seat 3: 54c7d4f9 (big blind) folded before Flop
Seat 4: 8afeb3a folded on the Turn
Seat 5: 5ad8537a folded before Flop (didn't bet)
Seat 6: Hero won ($0.62)


Poker Hand #RC1448341510: Hold'em No Limit  ($0.05/$0.1) - 2023/04/03 16:46:13
Table 'RushAndCash1316770' 6-max Seat #1 is the button
Seat 1: c21368f7 ($10.4 in chips)
Seat 2: c47d4ea7 ($10 in chips)
Seat 3: 4e9c3e67 ($6.97 in chips)
Seat 4: Hero ($9.65 in chips)
Seat 5: 5f757a1d ($7.61 in chips)
Seat 6: 4125bf16 ($11.8 in chips)
c47d4ea7: posts small blind $0.05
4e9c3e67: posts big blind $0.1
*** HOLE CARDS ***
Dealt to c21368f7 
Dealt to c47d4ea7 
Dealt to 4e9c3e67 
Dealt to Hero [Kc 5c]
Dealt to 5f757a1d 
Dealt to 4125bf16 
Hero: folds
5f757a1d: folds
4125bf16: folds
c21368f7: folds
c47d4ea7: raises $0.2 to $0.3
4e9c3e67: calls $0.2
*** FLOP *** [4h 9s Ac]
c47d4ea7: checks
4e9c3e67: checks
*** TURN *** [4h 9s Ac] [3d]
c47d4ea7: bets $0.5
4e9c3e67: folds
Uncalled bet ($0.5) returned to c47d4ea7
*** SHOWDOWN ***
c47d4ea7 collected $0.57 from pot
*** SUMMARY ***
Total pot $0.6 | Rake $0.03 | Jackpot $0 | Bingo $0 | Fortune $0
Board [4h 9s Ac 3d]
Seat 1: c21368f7 (button) folded before Flop (didn't bet)
Seat 2: c47d4ea7 (small blind) won ($0.57)
Seat 3: 4e9c3e67 (big blind) folded on the Turn
Seat 4: Hero folded before Flop (didn't bet)
Seat 5: 5f757a1d folded before Flop (didn't bet)
Seat 6: 4125bf16 folded before Flop (didn't bet)


Poker Hand #RC1448341473: Hold'em No Limit  ($0.05/$0.1) - 2023/04/03 16:46:09
Table 'RushAndCash1316733' 6-max Seat #1 is the button
Seat 1: 29d737f ($10.69 in chips)
Seat 2: 129cbb5a ($13 in chips)
Seat 3: 6c457d19 ($6.66 in chips)
Seat 4: 524e4a84 ($10.1 in chips)
Seat 5: f263b42c ($22.1 in chips)
Seat 6: Hero ($9.65 in chips)
129cbb5a: posts small blind $0.05
6c457d19: posts big blind $0.1
*** HOLE CARDS ***
Dealt to 29d737f 
Dealt to 129cbb5a 
Dealt to 6c457d19 
Dealt to 524e4a84 
Dealt to f263b42c 
Dealt to Hero [7c Qd]
524e4a84: raises $0.15 to $0.25
f263b42c: folds
Hero: folds
29d737f: folds
129cbb5a: folds
6c457d19: calls $0.15
*** FLOP *** [Qh 5d Jd]
6c457d19: checks
524e4a84: bets $0.28
6c457d19: calls $0.28
*** TURN *** [Qh 5d Jd] [5s]
6c457d19: bets $0.56
524e4a84: folds
Uncalled bet ($0.56) returned to 6c457d19
*** SHOWDOWN ***
6c457d19 collected $1.06 from pot
*** SUMMARY ***
Total pot $1.11 | Rake $0.05 | Jackpot $0 | Bingo $0 | Fortune $0
Board [Qh 5d Jd 5s]
Seat 1: 29d737f (button) folded before Flop (didn't bet)
Seat 2: 129cbb5a (small blind) folded before Flop
Seat 3: 6c457d19 (big blind) won ($1.06)
Seat 4: 524e4a84 folded on the Turn
Seat 5: f263b42c folded before Flop (didn't bet)
Seat 6: Hero folded before Flop (didn't bet)


Poker Hand #RC1448341424: Hold'em No Limit  ($0.05/$0.1) - 2023/04/03 16:46:04
Table 'RushAndCash1316684' 6-max Seat #1 is the button
Seat 1: Hero ($9.65 in chips)
Seat 2: 5cf1ae73 ($10.63 in chips)
Seat 3: 3cd8ce4f ($14.29 in chips)
Seat 4: 73995888 ($28.22 in chips)
Seat 5: 4db7909f ($46.29 in chips)
Seat 6: c478c968 ($22.7 in chips)
5cf1ae73: posts small blind $0.05
3cd8ce4f: posts big blind $0.1
*** HOLE CARDS ***
Dealt to Hero [9s 6c]
Dealt to 5cf1ae73 
Dealt to 3cd8ce4f 
Dealt to 73995888 
Dealt to 4db7909f 
Dealt to c478c968 
73995888: folds
4db7909f: raises $0.1 to $0.2
c478c968: calls $0.2
Hero: folds
5cf1ae73: calls $0.15
3cd8ce4f: folds
*** FLOP *** [Ks 4h 5c]
5cf1ae73: checks
4db7909f: bets $0.3
c478c968: calls $0.3
5cf1ae73: calls $0.3
*** TURN *** [Ks 4h 5c] [5d]
5cf1ae73: checks
4db7909f: checks
c478c968: checks
*** RIVER *** [Ks 4h 5c 5d] [8h]
5cf1ae73: bets $1.12
4db7909f: calls $1.12
c478c968: folds
5cf1ae73: shows [5s As] (Three Fives)
4db7909f: shows [Kd Qs] (Pair of Kings and Pair of Fives)
*** SHOWDOWN ***
5cf1ae73 collected $3.51 from pot
*** SUMMARY ***
Total pot $3.84 | Rake $0.18 | Jackpot $0.15 | Bingo $0 | Fortune $0
Board [Ks 4h 5c 5d 8h]
Seat 1: Hero (button) folded before Flop (didn't bet)
Seat 2: 5cf1ae73 (small blind) showed [5s As] and won ($3.51) with Three Fives
Seat 3: 3cd8ce4f (big blind) folded before Flop
Seat 4: 73995888 folded before Flop (didn't bet)
Seat 5: 4db7909f showed [Kd Qs] and lost with Pair of Kings and Pair of Fives
Seat 6: c478c968 folded on the River


Poker Hand #RC1448341386: Hold'em No Limit  ($0.05/$0.1) - 2023/04/03 16:45:59
Table 'RushAndCash1316646' 6-max Seat #1 is the button
Seat 1: 8ed62a5e ($11.52 in chips)
Seat 2: Hero ($9.7 in chips)
Seat 3: 3e7099cf ($16.96 in chips)
Seat 4: 8f702cac ($10 in chips)
Seat 5: b19924d3 ($9.44 in chips)
Seat 6: a4fb540d ($10 in chips)
Hero: posts small blind $0.05
3e7099cf: posts big blind $0.1
*** HOLE CARDS ***
Dealt to 8ed62a5e 
Dealt to Hero [7d 4c]
Dealt to 3e7099cf 
Dealt to 8f702cac 
Dealt to b19924d3 
Dealt to a4fb540d 
8f702cac: folds
b19924d3: folds
a4fb540d: folds
8ed62a5e: folds
Hero: folds
Uncalled bet ($0.05) returned to 3e7099cf
*** SHOWDOWN ***
3e7099cf collected $0.1 from pot
*** SUMMARY ***
Total pot $0.1 | Rake $0 | Jackpot $0 | Bingo $0 | Fortune $0
Seat 1: 8ed62a5e (button) folded before Flop (didn't bet)
Seat 2: Hero (small blind) folded before Flop
Seat 3: 3e7099cf (big blind) collected ($0.1)
Seat 4: 8f702cac folded before Flop (didn't bet)
Seat 5: b19924d3 folded before Flop (didn't bet)
Seat 6: a4fb540d folded before Flop (didn't bet)


Poker Hand #RC1448341300: Hold'em No Limit  ($0.05/$0.1) - 2023/04/03 16:45:50
Table 'RushAndCash1316560' 6-max Seat #1 is the button
Seat 1: 86be48b ($9.77 in chips)
Seat 2: 5938ebd1 ($10 in chips)
Seat 3: Hero ($9.8 in chips)
Seat 4: 53e84c76 ($10 in chips)
Seat 5: 36e68031 ($10.15 in chips)
Seat 6: c478c968 ($22.75 in chips)
5938ebd1: posts small blind $0.05
Hero: posts big blind $0.1
*** HOLE CARDS ***
Dealt to 86be48b 
Dealt to 5938ebd1 
Dealt to Hero [Qh 3h]
Dealt to 53e84c76 
Dealt to 36e68031 
Dealt to c478c968 
53e84c76: folds
36e68031: folds
c478c968: folds
86be48b: raises $0.13 to $0.23
5938ebd1: folds
Hero: folds
Uncalled bet ($0.13) returned to 86be48b
*** SHOWDOWN ***
86be48b collected $0.25 from pot
*** SUMMARY ***
Total pot $0.25 | Rake $0 | Jackpot $0 | Bingo $0 | Fortune $0
Seat 1: 86be48b (button) collected ($0.25)
Seat 2: 5938ebd1 (small blind) folded before Flop
Seat 3: Hero (big blind) folded before Flop
Seat 4: 53e84c76 folded before Flop (didn't bet)
Seat 5: 36e68031 folded before Flop (didn't bet)
Seat 6: c478c968 folded before Flop (didn't bet)


Poker Hand #RC1448341249: Hold'em No Limit  ($0.05/$0.1) - 2023/04/03 16:45:44
Table 'RushAndCash1316509' 6-max Seat #1 is the button
Seat 1: 9a98ebc ($12.13 in chips)
Seat 2: 7a619e0e ($10.15 in chips)
Seat 3: 4d6a28aa ($11.71 in chips)
Seat 4: 98b73c49 ($12.27 in chips)
Seat 5: a9e01cd1 ($10 in chips)
Seat 6: Hero ($9.8 in chips)
7a619e0e: posts small blind $0.05
4d6a28aa: posts big blind $0.1
*** HOLE CARDS ***
Dealt to 9a98ebc 
Dealt to 7a619e0e 
Dealt to 4d6a28aa 
Dealt to 98b73c49 
Dealt to a9e01cd1 
Dealt to Hero [6s Jd]
98b73c49: raises $0.1 to $0.2
a9e01cd1: folds
Hero: folds
9a98ebc: raises $0.42 to $0.62
7a619e0e: folds
4d6a28aa: folds
98b73c49: folds
Uncalled bet ($0.42) returned to 9a98ebc
*** SHOWDOWN ***
9a98ebc collected $0.53 from pot
*** SUMMARY ***
Total pot $0.55 | Rake $0.02 | Jackpot $0 | Bingo $0 | Fortune $0
Seat 1: 9a98ebc (button) collected ($0.53)
Seat 2: 7a619e0e (small blind) folded before Flop
Seat 3: 4d6a28aa (big blind) folded before Flop
Seat 4: 98b73c49 folded before Flop
Seat 5: a9e01cd1 folded before Flop (didn't bet)
Seat 6: Hero folded before Flop (didn't bet)


Poker Hand #RC1448341159: Hold'em No Limit  ($0.05/$0.1) - 2023/04/03 16:45:34
Table 'RushAndCash1316419' 6-max Seat #1 is the button
Seat 1: ff36765d ($30.92 in chips)
Seat 2: 7d8a0930 ($10.17 in chips)
Seat 3: 44c61cdc ($7.85 in chips)
Seat 4: Hero ($9.8 in chips)
Seat 5: 826d2c66 ($10.11 in chips)
Seat 6: 83155d78 ($16.1 in chips)
7d8a0930: posts small blind $0.05
44c61cdc: posts big blind $0.1
*** HOLE CARDS ***
Dealt to ff36765d 
Dealt to 7d8a0930 
Dealt to 44c61cdc 
Dealt to Hero [Tc 5c]
Dealt to 826d2c66 
Dealt to 83155d78 
Hero: folds
826d2c66: folds
83155d78: raises $0.15 to $0.25
ff36765d: folds
7d8a0930: folds
44c61cdc: raises $0.45 to $0.7
83155d78: raises $1.4 to $2.1
44c61cdc: folds
Uncalled bet ($1.4) returned to 83155d78
*** SHOWDOWN ***
83155d78 collected $1.38 from pot
*** SUMMARY ***
Total pot $1.45 | Rake $0.07 | Jackpot $0 | Bingo $0 | Fortune $0
Seat 1: ff36765d (button) folded before Flop (didn't bet)
Seat 2: 7d8a0930 (small blind) folded before Flop
Seat 3: 44c61cdc (big blind) folded before Flop
Seat 4: Hero folded before Flop (didn't bet)
Seat 5: 826d2c66 folded before Flop (didn't bet)
Seat 6: 83155d78 collected ($1.38)


Poker Hand #RC1448340951: Hold'em No Limit  ($0.05/$0.1) - 2023/04/03 16:45:11
Table 'RushAndCash1316211' 6-max Seat #1 is the button
Seat 1: Hero ($9.65 in chips)
Seat 2: 57f5cd85 ($17.21 in chips)
Seat 3: 28547ad8 ($10 in chips)
Seat 4: 7822a798 ($10.85 in chips)
Seat 5: cfca678c ($10 in chips)
Seat 6: 92aea3e4 ($11.38 in chips)
57f5cd85: posts small blind $0.05
28547ad8: posts big blind $0.1
*** HOLE CARDS ***
Dealt to Hero [Ac 4d]
Dealt to 57f5cd85 
Dealt to 28547ad8 
Dealt to 7822a798 
Dealt to cfca678c 
Dealt to 92aea3e4 
7822a798: folds
cfca678c: folds
92aea3e4: folds
Hero: raises $0.15 to $0.25
57f5cd85: folds
28547ad8: folds
Uncalled bet ($0.15) returned to Hero
*** SHOWDOWN ***
Hero collected $0.25 from pot
*** SUMMARY ***
Total pot $0.25 | Rake $0 | Jackpot $0 | Bingo $0 | Fortune $0
Seat 1: Hero (button) collected ($0.25)
Seat 2: 57f5cd85 (small blind) folded before Flop
Seat 3: 28547ad8 (big blind) folded before Flop
Seat 4: 7822a798 folded before Flop (didn't bet)
Seat 5: cfca678c folded before Flop (didn't bet)
Seat 6: 92aea3e4 folded before Flop (didn't bet)


Poker Hand #RC1448340844: Hold'em No Limit  ($0.05/$0.1) - 2023/04/03 16:44:57
Table 'RushAndCash1316104' 6-max Seat #1 is the button
Seat 1: bccaaeb4 ($10.05 in chips)
Seat 2: Hero ($9.55 in chips)
Seat 3: 8f702cac ($10 in chips)
Seat 4: 7d8a0930 ($10.57 in chips)
Seat 5: 1ccdb674 ($13.68 in chips)
Seat 6: 1a1c0cc2 ($21.34 in chips)
Hero: posts small blind $0.05
8f702cac: posts big blind $0.1
*** HOLE CARDS ***
Dealt to bccaaeb4 
Dealt to Hero [As 3s]
Dealt to 8f702cac 
Dealt to 7d8a0930 
Dealt to 1ccdb674 
Dealt to 1a1c0cc2 
7d8a0930: folds
1ccdb674: folds
1a1c0cc2: folds
bccaaeb4: folds
Hero: raises $0.2 to $0.3
8f702cac: folds
Uncalled bet ($0.2) returned to Hero
*** SHOWDOWN ***
Hero collected $0.2 from pot
*** SUMMARY ***
Total pot $0.2 | Rake $0 | Jackpot $0 | Bingo $0 | Fortune $0
Seat 1: bccaaeb4 (button) folded before Flop (didn't bet)
Seat 2: Hero (small blind) collected ($0.2)
Seat 3: 8f702cac (big blind) folded before Flop
Seat 4: 7d8a0930 folded before Flop (didn't bet)
Seat 5: 1ccdb674 folded before Flop (didn't bet)
Seat 6: 1a1c0cc2 folded before Flop (didn't bet)


Poker Hand #RC1448340795: Hold'em No Limit  ($0.05/$0.1) - 2023/04/03 16:44:52
Table 'RushAndCash1316055' 6-max Seat #1 is the button
Seat 1: 2ffdb170 ($10 in chips)
Seat 2: c69e1445 ($10 in chips)
Seat 3: b19924d3 ($9 in chips)
Seat 4: f25970e ($25.64 in chips)
Seat 5: 5976617c ($10 in chips)
Seat 6: Hero ($9.55 in chips)
c69e1445: posts small blind $0.05
b19924d3: posts big blind $0.1
*** HOLE CARDS ***
Dealt to 2ffdb170 
Dealt to c69e1445 
Dealt to b19924d3 
Dealt to f25970e 
Dealt to 5976617c 
Dealt to Hero [Qh 4h]
f25970e: folds
5976617c: folds
Hero: folds
2ffdb170: raises $0.13 to $0.23
c69e1445: folds
b19924d3: calls $0.13
*** FLOP *** [3c Ks Ad]
b19924d3: checks
2ffdb170: bets $0.26
b19924d3: calls $0.26
*** TURN *** [3c Ks Ad] [4s]
b19924d3: checks
2ffdb170: checks
*** RIVER *** [3c Ks Ad 4s] [7s]
b19924d3: checks
2ffdb170: checks
b19924d3: shows [2d 2h] (Pair of Twos)
2ffdb170: shows [Qs 8h] (Ace-High)
*** SHOWDOWN ***
b19924d3 collected $0.98 from pot
*** SUMMARY ***
Total pot $1.03 | Rake $0.05 | Jackpot $0 | Bingo $0 | Fortune $0
Board [3c Ks Ad 4s 7s]
Seat 1: 2ffdb170 (button) showed [Qs 8h] and lost with Ace-High
Seat 2: c69e1445 (small blind) folded before Flop
Seat 3: b19924d3 (big blind) showed [2d 2h] and won ($0.98) with Pair of Twos
Seat 4: f25970e folded before Flop (didn't bet)
Seat 5: 5976617c folded before Flop (didn't bet)
Seat 6: Hero folded before Flop (didn't bet)


Poker Hand #RC1448340670: Hold'em No Limit  ($0.05/$0.1) - 2023/04/03 16:44:39
Table 'RushAndCash1315930' 6-max Seat #1 is the button
Seat 1: b370e01c ($8.36 in chips)
Seat 2: 9cb2ebbe ($11.03 in chips)
Seat 3: Hero ($9.65 in chips)
Seat 4: 7eaebe2a ($10.86 in chips)
Seat 5: cfca678c ($10 in chips)
Seat 6: 4f5e5450 ($8.75 in chips)
9cb2ebbe: posts small blind $0.05
Hero: posts big blind $0.1
*** HOLE CARDS ***
Dealt to b370e01c 
Dealt to 9cb2ebbe 
Dealt to Hero [5d Ks]
Dealt to 7eaebe2a 
Dealt to cfca678c 
Dealt to 4f5e5450 
7eaebe2a: folds
cfca678c: folds
4f5e5450: folds
b370e01c: raises $0.1 to $0.2
9cb2ebbe: calls $0.15
Hero: folds
*** FLOP *** [Kd 5h 5c]
9cb2ebbe: bets $0.25
b370e01c: folds
Uncalled bet ($0.25) returned to 9cb2ebbe
*** SHOWDOWN ***
9cb2ebbe collected $0.48 from pot
*** SUMMARY ***
Total pot $0.5 | Rake $0.02 | Jackpot $0 | Bingo $0 | Fortune $0
Board [Kd 5h 5c]
Seat 1: b370e01c (button) folded on the Flop
Seat 2: 9cb2ebbe (small blind) won ($0.48)
Seat 3: Hero (big blind) folded before Flop
Seat 4: 7eaebe2a folded before Flop (didn't bet)
Seat 5: cfca678c folded before Flop (didn't bet)
Seat 6: 4f5e5450 folded before Flop (didn't bet)


Poker Hand #RC1448340624: Hold'em No Limit  ($0.05/$0.1) - 2023/04/03 16:44:32
Table 'RushAndCash1315884' 6-max Seat #1 is the button
Seat 1: aeec33c2 ($10 in chips)
Seat 2: 832f13b7 ($27.73 in chips)
Seat 3: a9e01cd1 ($10 in chips)
Seat 4: 4023da90 ($10.15 in chips)
Seat 5: 7d6db11d ($19 in chips)
Seat 6: Hero ($9.65 in chips)
832f13b7: posts small blind $0.05
a9e01cd1: posts big blind $0.1
*** HOLE CARDS ***
Dealt to aeec33c2 
Dealt to 832f13b7 
Dealt to a9e01cd1 
Dealt to 4023da90 
Dealt to 7d6db11d 
Dealt to Hero [3c Kc]
4023da90: raises $0.15 to $0.25
7d6db11d: folds
Hero: folds
aeec33c2: folds
832f13b7: folds
a9e01cd1: folds
Uncalled bet ($0.15) returned to 4023da90
*** SHOWDOWN ***
4023da90 collected $0.25 from pot
*** SUMMARY ***
Total pot $0.25 | Rake $0 | Jackpot $0 | Bingo $0 | Fortune $0
Seat 1: aeec33c2 (button) folded before Flop (didn't bet)
Seat 2: 832f13b7 (small blind) folded before Flop
Seat 3: a9e01cd1 (big blind) folded before Flop
Seat 4: 4023da90 collected ($0.25)
Seat 5: 7d6db11d folded before Flop (didn't bet)
Seat 6: Hero folded before Flop (didn't bet)


Poker Hand #RC1448340508: Hold'em No Limit  ($0.05/$0.1) - 2023/04/03 16:44:18
Table 'RushAndCash1315768' 6-max Seat #1 is the button
Seat 1: 3229a015 ($10.83 in chips)
Seat 2: b8a93bdf ($25.07 in chips)
Seat 3: 755e4c58 ($10.67 in chips)
Seat 4: Hero ($9.65 in chips)
Seat 5: 3dd7fa3d ($10.88 in chips)
Seat 6: ec712db1 ($10.48 in chips)
b8a93bdf: posts small blind $0.05
755e4c58: posts big blind $0.1
*** HOLE CARDS ***
Dealt to 3229a015 
Dealt to b8a93bdf 
Dealt to 755e4c58 
Dealt to Hero [7h 6c]
Dealt to 3dd7fa3d 
Dealt to ec712db1 
Hero: folds
3dd7fa3d: folds
ec712db1: folds
3229a015: raises $0.15 to $0.25
b8a93bdf: folds
755e4c58: raises $0.75 to $1
3229a015: folds
Uncalled bet ($0.75) returned to 755e4c58
*** SHOWDOWN ***
755e4c58 collected $0.53 from pot
*** SUMMARY ***
Total pot $0.55 | Rake $0.02 | Jackpot $0 | Bingo $0 | Fortune $0
Seat 1: 3229a015 (button) folded before Flop
Seat 2: b8a93bdf (small blind) folded before Flop
Seat 3: 755e4c58 (big blind) collected ($0.53)
Seat 4: Hero folded before Flop (didn't bet)
Seat 5: 3dd7fa3d folded before Flop (didn't bet)
Seat 6: ec712db1 folded before Flop (didn't bet)


Poker Hand #RC1448340360: Hold'em No Limit  ($0.05/$0.1) - 2023/04/03 16:44:00
Table 'RushAndCash1315620' 6-max Seat #1 is the button
Seat 1: 97cd1b1f ($11.97 in chips)
Seat 2: 3b67e556 ($10.65 in chips)
Seat 3: f64eabea ($18.01 in chips)
Seat 4: 3f914464 ($10.1 in chips)
Seat 5: 5ad8537a ($10.35 in chips)
Seat 6: Hero ($9.5 in chips)
3b67e556: posts small blind $0.05
f64eabea: posts big blind $0.1
*** HOLE CARDS ***
Dealt to 97cd1b1f 
Dealt to 3b67e556 
Dealt to f64eabea 
Dealt to 3f914464 
Dealt to 5ad8537a 
Dealt to Hero [Kd Qs]
3f914464: folds
5ad8537a: folds
Hero: raises $0.15 to $0.25
97cd1b1f: folds
3b67e556: folds
f64eabea: folds
Uncalled bet ($0.15) returned to Hero
*** SHOWDOWN ***
Hero collected $0.25 from pot
*** SUMMARY ***
Total pot $0.25 | Rake $0 | Jackpot $0 | Bingo $0 | Fortune $0
Seat 1: 97cd1b1f (button) folded before Flop (didn't bet)
Seat 2: 3b67e556 (small blind) folded before Flop
Seat 3: f64eabea (big blind) folded before Flop
Seat 4: 3f914464 folded before Flop (didn't bet)
Seat 5: 5ad8537a folded before Flop (didn't bet)
Seat 6: Hero collected ($0.25)


Poker Hand #RC1448340320: Hold'em No Limit  ($0.05/$0.1) - 2023/04/03 16:43:55
Table 'RushAndCash1315580' 6-max Seat #1 is the button
Seat 1: Hero ($9.5 in chips)
Seat 2: 9162b531 ($15.47 in chips)
Seat 3: a692c524 ($40.22 in chips)
Seat 4: acaf0a54 ($16.89 in chips)
Seat 5: 4141d3d3 ($4.83 in chips)
Seat 6: 4ddce5b8 ($12.2 in chips)
9162b531: posts small blind $0.05
a692c524: posts big blind $0.1
*** HOLE CARDS ***
Dealt to Hero [7s 8d]
Dealt to 9162b531 
Dealt to a692c524 
Dealt to acaf0a54 
Dealt to 4141d3d3 
Dealt to 4ddce5b8 
acaf0a54: folds
4141d3d3: raises $0.15 to $0.25
4ddce5b8: folds
Hero: folds
9162b531: calls $0.2
a692c524: folds
*** FLOP *** [2d 9d 4s]
9162b531: checks
4141d3d3: checks
*** TURN *** [2d 9d 4s] [6h]
9162b531: bets $0.3
4141d3d3: calls $0.3
*** RIVER *** [2d 9d 4s 6h] [3c]
9162b531: bets $1.2
4141d3d3: calls $1.2
9162b531: shows [Qc Jd] (Queen-High)
4141d3d3: shows [Kc As] (Ace-High)
*** SHOWDOWN ***
4141d3d3 collected $3.28 from pot
*** SUMMARY ***
Total pot $3.6 | Rake $0.17 | Jackpot $0.15 | Bingo $0 | Fortune $0
Board [2d 9d 4s 6h 3c]
Seat 1: Hero (button) folded before Flop (didn't bet)
Seat 2: 9162b531 (small blind) showed [Qc Jd] and lost with Queen-High
Seat 3: a692c524 (big blind) folded before Flop
Seat 4: acaf0a54 folded before Flop (didn't bet)
Seat 5: 4141d3d3 showed [Kc As] and won ($3.28) with Ace-High
Seat 6: 4ddce5b8 folded before Flop (didn't bet)


Poker Hand #RC1448340175: Hold'em No Limit  ($0.05/$0.1) - 2023/04/03 16:43:36
Table 'RushAndCash1315435' 6-max Seat #1 is the button
Seat 1: 4f5e5450 ($8.62 in chips)
Seat 2: Hero ($9.2 in chips)
Seat 3: a4deab87 ($10.67 in chips)
Seat 4: de2323f6 ($10.13 in chips)
Seat 5: 4ddce5b8 ($12.42 in chips)
Seat 6: 62bd42b7 ($25.17 in chips)
Hero: posts small blind $0.05
a4deab87: posts big blind $0.1
*** HOLE CARDS ***
Dealt to 4f5e5450 
Dealt to Hero [Qs Kc]
Dealt to a4deab87 
Dealt to de2323f6 
Dealt to 4ddce5b8 
Dealt to 62bd42b7 
de2323f6: folds
4ddce5b8: raises $0.12 to $0.22
62bd42b7: folds
4f5e5450: folds
Hero: raises $0.68 to $0.9
a4deab87: folds
4ddce5b8: folds
Uncalled bet ($0.68) returned to Hero
*** SHOWDOWN ***
Hero collected $0.52 from pot
*** SUMMARY ***
Total pot $0.54 | Rake $0.02 | Jackpot $0 | Bingo $0 | Fortune $0
Seat 1: 4f5e5450 (button) folded before Flop (didn't bet)
Seat 2: Hero (small blind) collected ($0.52)
Seat 3: a4deab87 (big blind) folded before Flop
Seat 4: de2323f6 folded before Flop (didn't bet)
Seat 5: 4ddce5b8 folded before Flop
Seat 6: 62bd42b7 folded before Flop (didn't bet)


Poker Hand #RC1448340112: Hold'em No Limit  ($0.05/$0.1) - 2023/04/03 16:43:28
Table 'RushAndCash1315372' 6-max Seat #1 is the button
Seat 1: bce048dc ($11.79 in chips)
Seat 2: 497cd6f4 ($28.57 in chips)
Seat 3: Hero ($9.3 in chips)
Seat 4: 1be6df3 ($25.6 in chips)
Seat 5: 7e8d09b6 ($23.24 in chips)
Seat 6: 57c553b0 ($8.95 in chips)
497cd6f4: posts small blind $0.05
Hero: posts big blind $0.1
*** HOLE CARDS ***
Dealt to bce048dc 
Dealt to 497cd6f4 
Dealt to Hero [Jh 6d]
Dealt to 1be6df3 
Dealt to 7e8d09b6 
Dealt to 57c553b0 
1be6df3: raises $0.1 to $0.2
7e8d09b6: folds
57c553b0: folds
bce048dc: folds
497cd6f4: folds
Hero: folds
Uncalled bet ($0.1) returned to 1be6df3
*** SHOWDOWN ***
1be6df3 collected $0.25 from pot
*** SUMMARY ***
Total pot $0.25 | Rake $0 | Jackpot $0 | Bingo $0 | Fortune $0
Seat 1: bce048dc (button) folded before Flop (didn't bet)
Seat 2: 497cd6f4 (small blind) folded before Flop
Seat 3: Hero (big blind) folded before Flop
Seat 4: 1be6df3 collected ($0.25)
Seat 5: 7e8d09b6 folded before Flop (didn't bet)
Seat 6: 57c553b0 folded before Flop (didn't bet)


Poker Hand #RC1448340061: Hold'em No Limit  ($0.05/$0.1) - 2023/04/03 16:43:23
Table 'RushAndCash1315321' 6-max Seat #1 is the button
Seat 1: 3837962e ($10 in chips)
Seat 2: 5547e258 ($38.88 in chips)
Seat 3: 56073987 ($9.23 in chips)
Seat 4: Hero ($9.3 in chips)
Seat 5: aeec33c2 ($10.21 in chips)
Seat 6: de474f33 ($10.38 in chips)
5547e258: posts small blind $0.05
56073987: posts big blind $0.1
*** HOLE CARDS ***
Dealt to 3837962e 
Dealt to 5547e258 
Dealt to 56073987 
Dealt to Hero [Js 7h]
Dealt to aeec33c2 
Dealt to de474f33 
Hero: folds
aeec33c2: folds
de474f33: raises $0.15 to $0.25
3837962e: folds
5547e258: folds
56073987: calls $0.15
*** FLOP *** [2d Jd 4d]
56073987: checks
de474f33: checks
*** TURN *** [2d Jd 4d] [9h]
56073987: bets $0.28
de474f33: folds
Uncalled bet ($0.28) returned to 56073987
*** SHOWDOWN ***
56073987 collected $0.53 from pot
*** SUMMARY ***
Total pot $0.55 | Rake $0.02 | Jackpot $0 | Bingo $0 | Fortune $0
Board [2d Jd 4d 9h]
Seat 1: 3837962e (button) folded before Flop (didn't bet)
Seat 2: 5547e258 (small blind) folded before Flop
Seat 3: 56073987 (big blind) won ($0.53)
Seat 4: Hero folded before Flop (didn't bet)
Seat 5: aeec33c2 folded before Flop (didn't bet)
Seat 6: de474f33 folded on the Turn


Poker Hand #RC1448340023: Hold'em No Limit  ($0.05/$0.1) - 2023/04/03 16:43:17
Table 'RushAndCash1315283' 6-max Seat #1 is the button
Seat 1: c863ac24 ($3.87 in chips)
Seat 2: 98b73c49 ($12.16 in chips)
Seat 3: 8223a6cb ($5.32 in chips)
Seat 4: Hero ($9.3 in chips)
Seat 5: 6476ce8b ($27.54 in chips)
Seat 6: 816fe5f8 ($33.16 in chips)
98b73c49: posts small blind $0.05
8223a6cb: posts big blind $0.1
*** HOLE CARDS ***
Dealt to c863ac24 
Dealt to 98b73c49 
Dealt to 8223a6cb 
Dealt to Hero [9h 5h]
Dealt to 6476ce8b 
Dealt to 816fe5f8 
Hero: folds
6476ce8b: folds
816fe5f8: folds
c863ac24: folds
98b73c49: folds
Uncalled bet ($0.05) returned to 8223a6cb
*** SHOWDOWN ***
8223a6cb collected $0.1 from pot
*** SUMMARY ***
Total pot $0.1 | Rake $0 | Jackpot $0 | Bingo $0 | Fortune $0
Seat 1: c863ac24 (button) folded before Flop (didn't bet)
Seat 2: 98b73c49 (small blind) folded before Flop
Seat 3: 8223a6cb (big blind) collected ($0.1)
Seat 4: Hero folded before Flop (didn't bet)
Seat 5: 6476ce8b folded before Flop (didn't bet)
Seat 6: 816fe5f8 folded before Flop (didn't bet)


Poker Hand #RC1448339948: Hold'em No Limit  ($0.05/$0.1) - 2023/04/03 16:43:08
Table 'RushAndCash1315208' 6-max Seat #1 is the button
Seat 1: a692c524 ($40.44 in chips)
Seat 2: 5976617c ($10 in chips)
Seat 3: 9162b531 ($15.22 in chips)
Seat 4: 9e390ba2 ($11.15 in chips)
Seat 5: 1d4b8614 ($22.97 in chips)
Seat 6: Hero ($9.3 in chips)
5976617c: posts small blind $0.05
9162b531: posts big blind $0.1
*** HOLE CARDS ***
Dealt to a692c524 
Dealt to 5976617c 
Dealt to 9162b531 
Dealt to 9e390ba2 
Dealt to 1d4b8614 
Dealt to Hero [8c 3c]
9e390ba2: folds
1d4b8614: folds
Hero: folds
a692c524: raises $0.12 to $0.22
5976617c: folds
9162b531: raises $0.58 to $0.8
a692c524: folds
Uncalled bet ($0.58) returned to 9162b531
*** SHOWDOWN ***
9162b531 collected $0.47 from pot
*** SUMMARY ***
Total pot $0.49 | Rake $0.02 | Jackpot $0 | Bingo $0 | Fortune $0
Seat 1: a692c524 (button) folded before Flop
Seat 2: 5976617c (small blind) folded before Flop
Seat 3: 9162b531 (big blind) collected ($0.47)
Seat 4: 9e390ba2 folded before Flop (didn't bet)
Seat 5: 1d4b8614 folded before Flop (didn't bet)
Seat 6: Hero folded before Flop (didn't bet)


Poker Hand #RC1448339859: Hold'em No Limit  ($0.05/$0.1) - 2023/04/03 16:42:58
Table 'RushAndCash1315119' 6-max Seat #1 is the button
Seat 1: af8bbd4e ($10 in chips)
Seat 2: Hero ($9.35 in chips)
Seat 3: 6a08ecd5 ($11.71 in chips)
Seat 4: 1315dc0f ($10.28 in chips)
Seat 5: 2d70197a ($18.89 in chips)
Seat 6: d2d6af63 ($10.52 in chips)
Hero: posts small blind $0.05
6a08ecd5: posts big blind $0.1
*** HOLE CARDS ***
Dealt to af8bbd4e 
Dealt to Hero [8d 9c]
Dealt to 6a08ecd5 
Dealt to 1315dc0f 
Dealt to 2d70197a 
Dealt to d2d6af63 
1315dc0f: folds
2d70197a: folds
d2d6af63: folds
af8bbd4e: raises $0.15 to $0.25
Hero: folds
6a08ecd5: folds
Uncalled bet ($0.15) returned to af8bbd4e
*** SHOWDOWN ***
af8bbd4e collected $0.25 from pot
*** SUMMARY ***
Total pot $0.25 | Rake $0 | Jackpot $0 | Bingo $0 | Fortune $0
Seat 1: af8bbd4e (button) collected ($0.25)
Seat 2: Hero (small blind) folded before Flop
Seat 3: 6a08ecd5 (big blind) folded before Flop
Seat 4: 1315dc0f folded before Flop (didn't bet)
Seat 5: 2d70197a folded before Flop (didn't bet)
Seat 6: d2d6af63 folded before Flop (didn't bet)


Poker Hand #RC1448339815: Hold'em No Limit  ($0.05/$0.1) - 2023/04/03 16:42:53
Table 'RushAndCash1315075' 6-max Seat #1 is the button
Seat 1: 64b70822 ($13.74 in chips)
Seat 2: 28b6453a ($10.71 in chips)
Seat 3: 9cb2ebbe ($12.6 in chips)
Seat 4: e4233bfe ($11.2 in chips)
Seat 5: Hero ($9.35 in chips)
Seat 6: 595c8714 ($14.48 in chips)
28b6453a: posts small blind $0.05
9cb2ebbe: posts big blind $0.1
*** HOLE CARDS ***
Dealt to 64b70822 
Dealt to 28b6453a 
Dealt to 9cb2ebbe 
Dealt to e4233bfe 
Dealt to Hero [7d Qd]
Dealt to 595c8714 
e4233bfe: folds
Hero: folds
595c8714: calls $0.1
64b70822: folds
28b6453a: raises $0.3 to $0.4
9cb2ebbe: calls $0.3
595c8714: calls $0.3
*** FLOP *** [2c Qc 3s]
28b6453a: checks
9cb2ebbe: checks
595c8714: bets $0.6
28b6453a: folds
9cb2ebbe: folds
Uncalled bet ($0.6) returned to 595c8714
*** SHOWDOWN ***
595c8714 collected $1.14 from pot
*** SUMMARY ***
Total pot $1.2 | Rake $0.06 | Jackpot $0 | Bingo $0 | Fortune $0
Board [2c Qc 3s]
Seat 1: 64b70822 (button) folded before Flop (didn't bet)
Seat 2: 28b6453a (small blind) folded on the Flop
Seat 3: 9cb2ebbe (big blind) folded on the Flop
Seat 4: e4233bfe folded before Flop (didn't bet)
Seat 5: Hero folded before Flop (didn't bet)
Seat 6: 595c8714 won ($1.14)


Poker Hand #RC1448339594: Hold'em No Limit  ($0.05/$0.1) - 2023/04/03 16:42:29
Table 'RushAndCash1314854' 6-max Seat #1 is the button
Seat 1: 4c4ffab0 ($37.38 in chips)
Seat 2: 21c406a0 ($10.05 in chips)
Seat 3: Hero ($9.6 in chips)
Seat 4: 962cc6b4 ($12.02 in chips)
Seat 5: ba8a56b ($12.96 in chips)
Seat 6: e4233bfe ($10.92 in chips)
21c406a0: posts small blind $0.05
Hero: posts big blind $0.1
*** HOLE CARDS ***
Dealt to 4c4ffab0 
Dealt to 21c406a0 
Dealt to Hero [Ah 7s]
Dealt to 962cc6b4 
Dealt to ba8a56b 
Dealt to e4233bfe 
962cc6b4: folds
ba8a56b: folds
e4233bfe: raises $0.15 to $0.25
4c4ffab0: folds
21c406a0: folds
Hero: calls $0.15
*** FLOP *** [Ks 8h Td]
Hero: checks
e4233bfe: bets $0.19
Hero: folds
Uncalled bet ($0.19) returned to e4233bfe
*** SHOWDOWN ***
e4233bfe collected $0.53 from pot
*** SUMMARY ***
Total pot $0.55 | Rake $0.02 | Jackpot $0 | Bingo $0 | Fortune $0
Board [Ks 8h Td]
Seat 1: 4c4ffab0 (button) folded before Flop (didn't bet)
Seat 2: 21c406a0 (small blind) folded before Flop
Seat 3: Hero (big blind) folded on the Flop
Seat 4: 962cc6b4 folded before Flop (didn't bet)
Seat 5: ba8a56b folded before Flop (didn't bet)
Seat 6: e4233bfe won ($0.53)


Poker Hand #RC1448339542: Hold'em No Limit  ($0.05/$0.1) - 2023/04/03 16:42:23
Table 'RushAndCash1314802' 6-max Seat #1 is the button
Seat 1: Hero ($9.6 in chips)
Seat 2: 49e681e ($23.61 in chips)
Seat 3: c660553b ($25.12 in chips)
Seat 4: cc6d047e ($17.06 in chips)
Seat 5: 489674f2 ($10 in chips)
Seat 6: c9a1c613 ($10 in chips)
49e681e: posts small blind $0.05
c660553b: posts big blind $0.1
*** HOLE CARDS ***
Dealt to Hero [4h 7c]
Dealt to 49e681e 
Dealt to c660553b 
Dealt to cc6d047e 
Dealt to 489674f2 
Dealt to c9a1c613 
cc6d047e: folds
489674f2: folds
c9a1c613: raises $0.12 to $0.22
Hero: folds
49e681e: folds
c660553b: folds
Uncalled bet ($0.12) returned to c9a1c613
*** SHOWDOWN ***
c9a1c613 collected $0.25 from pot
*** SUMMARY ***
Total pot $0.25 | Rake $0 | Jackpot $0 | Bingo $0 | Fortune $0
Seat 1: Hero (button) folded before Flop (didn't bet)
Seat 2: 49e681e (small blind) folded before Flop
Seat 3: c660553b (big blind) folded before Flop
Seat 4: cc6d047e folded before Flop (didn't bet)
Seat 5: 489674f2 folded before Flop (didn't bet)
Seat 6: c9a1c613 collected ($0.25)


Poker Hand #RC1448339474: Hold'em No Limit  ($0.05/$0.1) - 2023/04/03 16:42:15
Table 'RushAndCash1314734' 6-max Seat #1 is the button
Seat 1: 4af53521 ($11.07 in chips)
Seat 2: 3682ecf4 ($10.06 in chips)
Seat 3: ab2a6f82 ($10.69 in chips)
Seat 4: Hero ($9.6 in chips)
Seat 5: 33ebca22 ($10.36 in chips)
Seat 6: 507fb1b1 ($30.09 in chips)
3682ecf4: posts small blind $0.05
ab2a6f82: posts big blind $0.1
*** HOLE CARDS ***
Dealt to 4af53521 
Dealt to 3682ecf4 
Dealt to ab2a6f82 
Dealt to Hero [2d 4h]
Dealt to 33ebca22 
Dealt to 507fb1b1 
Hero: folds
33ebca22: folds
507fb1b1: folds
4af53521: raises $0.2 to $0.3
3682ecf4: folds
ab2a6f82: folds
Uncalled bet ($0.2) returned to 4af53521
*** SHOWDOWN ***
4af53521 collected $0.25 from pot
*** SUMMARY ***
Total pot $0.25 | Rake $0 | Jackpot $0 | Bingo $0 | Fortune $0
Seat 1: 4af53521 (button) collected ($0.25)
Seat 2: 3682ecf4 (small blind) folded before Flop
Seat 3: ab2a6f82 (big blind) folded before Flop
Seat 4: Hero folded before Flop (didn't bet)
Seat 5: 33ebca22 folded before Flop (didn't bet)
Seat 6: 507fb1b1 folded before Flop (didn't bet)


Poker Hand #RC1448339398: Hold'em No Limit  ($0.05/$0.1) - 2023/04/03 16:42:05
Table 'RushAndCash1314658' 6-max Seat #1 is the button
Seat 1: 3e3ddcbb ($11.78 in chips)
Seat 2: 98b73c49 ($12.16 in chips)
Seat 3: b37ff9fe ($10.8 in chips)
Seat 4: 2936739b ($15.15 in chips)
Seat 5: Hero ($9.6 in chips)
Seat 6: 4eb6d80f ($9.03 in chips)
98b73c49: posts small blind $0.05
b37ff9fe: posts big blind $0.1
*** HOLE CARDS ***
Dealt to 3e3ddcbb 
Dealt to 98b73c49 
Dealt to b37ff9fe 
Dealt to 2936739b 
Dealt to Hero [9s 3s]
Dealt to 4eb6d80f 
2936739b: raises $0.12 to $0.22
Hero: folds
4eb6d80f: raises $0.45 to $0.67
3e3ddcbb: folds
98b73c49: folds
b37ff9fe: folds
2936739b: calls $0.45
*** FLOP *** [5d 9c 2h]
2936739b: checks
4eb6d80f: bets $0.75
2936739b: folds
Uncalled bet ($0.75) returned to 4eb6d80f
*** SHOWDOWN ***
4eb6d80f collected $1.42 from pot
*** SUMMARY ***
Total pot $1.49 | Rake $0.07 | Jackpot $0 | Bingo $0 | Fortune $0
Board [5d 9c 2h]
Seat 1: 3e3ddcbb (button) folded before Flop (didn't bet)
Seat 2: 98b73c49 (small blind) folded before Flop
Seat 3: b37ff9fe (big blind) folded before Flop
Seat 4: 2936739b folded on the Flop
Seat 5: Hero folded before Flop (didn't bet)
Seat 6: 4eb6d80f won ($1.42)


Poker Hand #RC1448339341: Hold'em No Limit  ($0.05/$0.1) - 2023/04/03 16:41:59
Table 'RushAndCash1314601' 6-max Seat #1 is the button
Seat 1: Hero ($9.6 in chips)
Seat 2: 3f914464 ($10.26 in chips)
Seat 3: 3dd27df2 ($11.03 in chips)
Seat 4: aad205ad ($13.78 in chips)
Seat 5: dda7f798 ($19.57 in chips)
Seat 6: 4266ab10 ($10.72 in chips)
3f914464: posts small blind $0.05
3dd27df2: posts big blind $0.1
*** HOLE CARDS ***
Dealt to Hero [9h 4c]
Dealt to 3f914464 
Dealt to 3dd27df2 
Dealt to aad205ad 
Dealt to dda7f798 
Dealt to 4266ab10 
aad205ad: folds
dda7f798: folds
4266ab10: folds
Hero: folds
3f914464: folds
Uncalled bet ($0.05) returned to 3dd27df2
*** SHOWDOWN ***
3dd27df2 collected $0.1 from pot
*** SUMMARY ***
Total pot $0.1 | Rake $0 | Jackpot $0 | Bingo $0 | Fortune $0
Seat 1: Hero (button) folded before Flop (didn't bet)
Seat 2: 3f914464 (small blind) folded before Flop
Seat 3: 3dd27df2 (big blind) collected ($0.1)
Seat 4: aad205ad folded before Flop (didn't bet)
Seat 5: dda7f798 folded before Flop (didn't bet)
Seat 6: 4266ab10 folded before Flop (didn't bet)


Poker Hand #RC1448339279: Hold'em No Limit  ($0.05/$0.1) - 2023/04/03 16:41:52
Table 'RushAndCash1314539' 6-max Seat #1 is the button
Seat 1: 21b2058 ($23.08 in chips)
Seat 2: Hero ($9.65 in chips)
Seat 3: a252b235 ($10.14 in chips)
Seat 4: 6715ec1f ($24.04 in chips)
Seat 5: 2240d2ce ($10.95 in chips)
Seat 6: a9241360 ($10 in chips)
Hero: posts small blind $0.05
a252b235: posts big blind $0.1
*** HOLE CARDS ***
Dealt to 21b2058 
Dealt to Hero [5c Js]
Dealt to a252b235 
Dealt to 6715ec1f 
Dealt to 2240d2ce 
Dealt to a9241360 
6715ec1f: folds
2240d2ce: folds
a9241360: folds
21b2058: folds
Hero: folds
Uncalled bet ($0.05) returned to a252b235
*** SHOWDOWN ***
a252b235 collected $0.1 from pot
*** SUMMARY ***
Total pot $0.1 | Rake $0 | Jackpot $0 | Bingo $0 | Fortune $0
Seat 1: 21b2058 (button) folded before Flop (didn't bet)
Seat 2: Hero (small blind) folded before Flop
Seat 3: a252b235 (big blind) collected ($0.1)
Seat 4: 6715ec1f folded before Flop (didn't bet)
Seat 5: 2240d2ce folded before Flop (didn't bet)
Seat 6: a9241360 folded before Flop (didn't bet)


Poker Hand #RC1448339178: Hold'em No Limit  ($0.05/$0.1) - 2023/04/03 16:41:40
Table 'RushAndCash1314438' 6-max Seat #1 is the button
Seat 1: dd27eca9 ($11.49 in chips)
Seat 2: 24019539 ($13.45 in chips)
Seat 3: Hero ($9.75 in chips)
Seat 4: eb526305 ($16.07 in chips)
Seat 5: a69815de ($10.15 in chips)
Seat 6: dcc5fedb ($26.1 in chips)
24019539: posts small blind $0.05
Hero: posts big blind $0.1
*** HOLE CARDS ***
Dealt to dd27eca9 
Dealt to 24019539 
Dealt to Hero [5d 4h]
Dealt to eb526305 
Dealt to a69815de 
Dealt to dcc5fedb 
eb526305: folds
a69815de: raises $0.2 to $0.3
dcc5fedb: folds
dd27eca9: folds
24019539: calls $0.25
Hero: folds
*** FLOP *** [7c 6h 5s]
24019539: checks
a69815de: checks
*** TURN *** [7c 6h 5s] [6s]
24019539: checks
a69815de: bets $0.35
24019539: folds
Uncalled bet ($0.35) returned to a69815de
*** SHOWDOWN ***
a69815de collected $0.67 from pot
*** SUMMARY ***
Total pot $0.7 | Rake $0.03 | Jackpot $0 | Bingo $0 | Fortune $0
Board [7c 6h 5s 6s]
Seat 1: dd27eca9 (button) folded before Flop (didn't bet)
Seat 2: 24019539 (small blind) folded on the Turn
Seat 3: Hero (big blind) folded before Flop
Seat 4: eb526305 folded before Flop (didn't bet)
Seat 5: a69815de won ($0.67)
Seat 6: dcc5fedb folded before Flop (didn't bet)


Poker Hand #RC1448339133: Hold'em No Limit  ($0.05/$0.1) - 2023/04/03 16:41:35
Table 'RushAndCash1314393' 6-max Seat #1 is the button
Seat 1: fe9638b9 ($11.47 in chips)
Seat 2: f099179d ($43.4 in chips)
Seat 3: 79e0cdaf ($10.14 in chips)
Seat 4: Hero ($9.75 in chips)
Seat 5: 2e5bb782 ($13.33 in chips)
Seat 6: 1a356ba4 ($10.44 in chips)
f099179d: posts small blind $0.05
79e0cdaf: posts big blind $0.1
*** HOLE CARDS ***
Dealt to fe9638b9 
Dealt to f099179d 
Dealt to 79e0cdaf 
Dealt to Hero [6h Jd]
Dealt to 2e5bb782 
Dealt to 1a356ba4 
Hero: folds
2e5bb782: folds
1a356ba4: raises $0.15 to $0.25
fe9638b9: folds
f099179d: folds
79e0cdaf: folds
Uncalled bet ($0.15) returned to 1a356ba4
*** SHOWDOWN ***
1a356ba4 collected $0.25 from pot
*** SUMMARY ***
Total pot $0.25 | Rake $0 | Jackpot $0 | Bingo $0 | Fortune $0
Seat 1: fe9638b9 (button) folded before Flop (didn't bet)
Seat 2: f099179d (small blind) folded before Flop
Seat 3: 79e0cdaf (big blind) folded before Flop
Seat 4: Hero folded before Flop (didn't bet)
Seat 5: 2e5bb782 folded before Flop (didn't bet)
Seat 6: 1a356ba4 collected ($0.25)


Poker Hand #RC1448339056: Hold'em No Limit  ($0.05/$0.1) - 2023/04/03 16:41:26
Table 'RushAndCash1314316' 6-max Seat #1 is the button
Seat 1: e4bf1084 ($16.27 in chips)
Seat 2: d615597c ($8.56 in chips)
Seat 3: bf649cb2 ($9.7 in chips)
Seat 4: 4f9a5be1 ($10.31 in chips)
Seat 5: e4e7344f ($12.94 in chips)
Seat 6: Hero ($9.75 in chips)
d615597c: posts small blind $0.05
bf649cb2: posts big blind $0.1
*** HOLE CARDS ***
Dealt to e4bf1084 
Dealt to d615597c 
Dealt to bf649cb2 
Dealt to 4f9a5be1 
Dealt to e4e7344f 
Dealt to Hero [4c 4s]
4f9a5be1: folds
e4e7344f: folds
Hero: folds
e4bf1084: raises $0.1 to $0.2
d615597c: calls $0.15
bf649cb2: folds
*** FLOP *** [Jd Qh As]
d615597c: checks
e4bf1084: bets $0.2
d615597c: folds
Uncalled bet ($0.2) returned to e4bf1084
*** SHOWDOWN ***
e4bf1084 collected $0.48 from pot
*** SUMMARY ***
Total pot $0.5 | Rake $0.02 | Jackpot $0 | Bingo $0 | Fortune $0
Board [Jd Qh As]
Seat 1: e4bf1084 (button) won ($0.48)
Seat 2: d615597c (small blind) folded on the Flop
Seat 3: bf649cb2 (big blind) folded before Flop
Seat 4: 4f9a5be1 folded before Flop (didn't bet)
Seat 5: e4e7344f folded before Flop (didn't bet)
Seat 6: Hero folded before Flop (didn't bet)


Poker Hand #RC1448338321: Hold'em No Limit  ($0.05/$0.1) - 2023/04/03 16:39:57
Table 'RushAndCash1313581' 6-max Seat #1 is the button
Seat 1: 91107792 ($11.22 in chips)
Seat 2: fefb0588 ($6.83 in chips)
Seat 3: 87223ae3 ($10.35 in chips)
Seat 4: Hero ($10.15 in chips)
Seat 5: 4af53521 ($10.56 in chips)
Seat 6: 145baf8a ($10.35 in chips)
fefb0588: posts small blind $0.05
87223ae3: posts big blind $0.1
*** HOLE CARDS ***
Dealt to 91107792 
Dealt to fefb0588 
Dealt to 87223ae3 
Dealt to Hero [4c 4s]
Dealt to 4af53521 
Dealt to 145baf8a 
Hero: raises $0.15 to $0.25
4af53521: calls $0.25
145baf8a: folds
91107792: folds
fefb0588: folds
87223ae3: folds
*** FLOP *** [Tc 6s 2h]
Hero: bets $0.15
4af53521: calls $0.15
*** TURN *** [Tc 6s 2h] [Qs]
Hero: checks
4af53521: bets $0.72
Hero: folds
Uncalled bet ($0.72) returned to 4af53521
*** SHOWDOWN ***
4af53521 collected $0.91 from pot
*** SUMMARY ***
Total pot $0.95 | Rake $0.04 | Jackpot $0 | Bingo $0 | Fortune $0
Board [Tc 6s 2h Qs]
Seat 1: 91107792 (button) folded before Flop (didn't bet)
Seat 2: fefb0588 (small blind) folded before Flop
Seat 3: 87223ae3 (big blind) folded before Flop
Seat 4: Hero folded on the Turn
Seat 5: 4af53521 won ($0.91)
Seat 6: 145baf8a folded before Flop (didn't bet)


Poker Hand #RC1448338218: Hold'em No Limit  ($0.05/$0.1) - 2023/04/03 16:39:45
Table 'RushAndCash1313478' 6-max Seat #1 is the button
Seat 1: a9e01cd1 ($10.37 in chips)
Seat 2: 1ccdb674 ($13.6 in chips)
Seat 3: cf609ad5 ($10.1 in chips)
Seat 4: Hero ($10 in chips)
Seat 5: a82276e6 ($12.89 in chips)
Seat 6: 73995888 ($25.17 in chips)
1ccdb674: posts small blind $0.05
cf609ad5: posts big blind $0.1
*** HOLE CARDS ***
Dealt to a9e01cd1 
Dealt to 1ccdb674 
Dealt to cf609ad5 
Dealt to Hero [Js Jd]
Dealt to a82276e6 
Dealt to 73995888 
Hero: raises $0.15 to $0.25
a82276e6: folds
73995888: folds
a9e01cd1: folds
1ccdb674: folds
cf609ad5: folds
Uncalled bet ($0.15) returned to Hero
*** SHOWDOWN ***
Hero collected $0.25 from pot
*** SUMMARY ***
Total pot $0.25 | Rake $0 | Jackpot $0 | Bingo $0 | Fortune $0
Seat 1: a9e01cd1 (button) folded before Flop (didn't bet)
Seat 2: 1ccdb674 (small blind) folded before Flop
Seat 3: cf609ad5 (big blind) folded before Flop
Seat 4: Hero collected ($0.25)
Seat 5: a82276e6 folded before Flop (didn't bet)
Seat 6: 73995888 folded before Flop (didn't bet)


Poker Hand #RC1448336843: Hold'em No Limit  ($0.05/$0.1) - 2023/04/03 16:36:54
Table 'RushAndCash1312103' 6-max Seat #1 is the button
Seat 1: Hero ($10 in chips)
Seat 2: c77de7b7 ($11.02 in chips)
Seat 3: 2bf69ee5 ($10.33 in chips)
Seat 4: 60d84b72 ($8.25 in chips)
Seat 5: 4d5ab69f ($11.8 in chips)
Seat 6: 854e62d2 ($8.75 in chips)
c77de7b7: posts small blind $0.05
2bf69ee5: posts big blind $0.1
*** HOLE CARDS ***
Dealt to Hero [6h 9h]
Dealt to c77de7b7 
Dealt to 2bf69ee5 
Dealt to 60d84b72 
Dealt to 4d5ab69f 
Dealt to 854e62d2 
60d84b72: folds
4d5ab69f: raises $0.13 to $0.23
854e62d2: folds
Hero: folds
c77de7b7: folds
2bf69ee5: folds
Uncalled bet ($0.13) returned to 4d5ab69f
*** SHOWDOWN ***
4d5ab69f collected $0.25 from pot
*** SUMMARY ***
Total pot $0.25 | Rake $0 | Jackpot $0 | Bingo $0 | Fortune $0
Seat 1: Hero (button) folded before Flop (didn't bet)
Seat 2: c77de7b7 (small blind) folded before Flop
Seat 3: 2bf69ee5 (big blind) folded before Flop
Seat 4: 60d84b72 folded before Flop (didn't bet)
Seat 5: 4d5ab69f collected ($0.25)
Seat 6: 854e62d2 folded before Flop (didn't bet)


Poker Hand #RC1448336751: Hold'em No Limit  ($0.05/$0.1) - 2023/04/03 16:36:43
Table 'RushAndCash1312011' 6-max Seat #1 is the button
Seat 1: 507fb1b1 ($29.45 in chips)
Seat 2: Hero ($9.9 in chips)
Seat 3: 42a16b78 ($33.68 in chips)
Seat 4: de2323f6 ($10 in chips)
Seat 5: 399b0ef1 ($10.07 in chips)
Seat 6: 6e859067 ($19.15 in chips)
Hero: posts small blind $0.05
42a16b78: posts big blind $0.1
*** HOLE CARDS ***
Dealt to 507fb1b1 
Dealt to Hero [7h 6d]
Dealt to 42a16b78 
Dealt to de2323f6 
Dealt to 399b0ef1 
Dealt to 6e859067 
de2323f6: folds
399b0ef1: folds
6e859067: folds
507fb1b1: folds
Hero: raises $0.15 to $0.25
42a16b78: folds
Uncalled bet ($0.15) returned to Hero
*** SHOWDOWN ***
Hero collected $0.2 from pot
*** SUMMARY ***
Total pot $0.2 | Rake $0 | Jackpot $0 | Bingo $0 | Fortune $0
Seat 1: 507fb1b1 (button) folded before Flop (didn't bet)
Seat 2: Hero (small blind) collected ($0.2)
Seat 3: 42a16b78 (big blind) folded before Flop
Seat 4: de2323f6 folded before Flop (didn't bet)
Seat 5: 399b0ef1 folded before Flop (didn't bet)
Seat 6: 6e859067 folded before Flop (didn't bet)


Poker Hand #RC1448336658: Hold'em No Limit  ($0.05/$0.1) - 2023/04/03 16:36:30
Table 'RushAndCash1311918' 6-max Seat #1 is the button
Seat 1: 9307bcf4 ($14.74 in chips)
Seat 2: 10910861 ($7.15 in chips)
Seat 3: Hero ($10 in chips)
Seat 4: 1a06749f ($10 in chips)
Seat 5: 82c41ee6 ($6.43 in chips)
Seat 6: 385964c6 ($11.59 in chips)
10910861: posts small blind $0.05
Hero: posts big blind $0.1
*** HOLE CARDS ***
Dealt to 9307bcf4 
Dealt to 10910861 
Dealt to Hero [Jh 6d]
Dealt to 1a06749f 
Dealt to 82c41ee6 
Dealt to 385964c6 
1a06749f: folds
82c41ee6: folds
385964c6: folds
9307bcf4: folds
10910861: raises $0.2 to $0.3
Hero: folds
Uncalled bet ($0.2) returned to 10910861
*** SHOWDOWN ***
10910861 collected $0.2 from pot
*** SUMMARY ***
Total pot $0.2 | Rake $0 | Jackpot $0 | Bingo $0 | Fortune $0
Seat 1: 9307bcf4 (button) folded before Flop (didn't bet)
Seat 2: 10910861 (small blind) collected ($0.2)
Seat 3: Hero (big blind) folded before Flop
Seat 4: 1a06749f folded before Flop (didn't bet)
Seat 5: 82c41ee6 folded before Flop (didn't bet)
Seat 6: 385964c6 folded before Flop (didn't bet)


