Poker Hand #RC1355583106: Hold'em No Limit  ($0.05/$0.1) - 2023/02/20 11:47:48
Table 'RushAndCash12778366' 6-max Seat #1 is the button
Seat 1: 57060f78 ($18.92 in chips)
Seat 2: 1a7da3db ($19.17 in chips)
Seat 3: Hero ($9.9 in chips)
Seat 4: 3f7b311d ($11.8 in chips)
Seat 5: b40d8666 ($10.68 in chips)
Seat 6: f13cd472 ($9.54 in chips)
1a7da3db: posts small blind $0.05
Hero: posts big blind $0.1
*** HOLE CARDS ***
Dealt to 57060f78 
Dealt to 1a7da3db 
Dealt to Hero [2d 3h]
Dealt to 3f7b311d 
Dealt to b40d8666 
Dealt to f13cd472 
3f7b311d: folds
b40d8666: raises $0.1 to $0.2
f13cd472: folds
57060f78: folds
1a7da3db: folds
Hero: folds
Uncalled bet ($0.1) returned to b40d8666
*** SHOWDOWN ***
b40d8666 collected $0.25 from pot
*** SUMMARY ***
Total pot $0.25 | Rake $0 | Jackpot $0 | Bingo $0 | Fortune $0
Seat 1: 57060f78 (button) folded before Flop (didn't bet)
Seat 2: 1a7da3db (small blind) folded before Flop
Seat 3: Hero (big blind) folded before Flop
Seat 4: 3f7b311d folded before Flop (didn't bet)
Seat 5: b40d8666 collected ($0.25)
Seat 6: f13cd472 folded before Flop (didn't bet)


Poker Hand #RC1355583022: Hold'em No Limit  ($0.05/$0.1) - 2023/02/20 11:47:29
Table 'RushAndCash12778282' 6-max Seat #1 is the button
Seat 1: fb4c10a1 ($10 in chips)
Seat 2: Hero ($9.95 in chips)
Seat 3: 2548617d ($11.44 in chips)
Seat 4: 4bb3d887 ($17.88 in chips)
Seat 5: 504bb324 ($13.96 in chips)
Seat 6: d5108d4c ($12.7 in chips)
Hero: posts small blind $0.05
2548617d: posts big blind $0.1
*** HOLE CARDS ***
Dealt to fb4c10a1 
Dealt to Hero [9c 6d]
Dealt to 2548617d 
Dealt to 4bb3d887 
Dealt to 504bb324 
Dealt to d5108d4c 
4bb3d887: raises $0.25 to $0.35
504bb324: folds
d5108d4c: folds
fb4c10a1: folds
Hero: folds
2548617d: folds
Uncalled bet ($0.25) returned to 4bb3d887
*** SHOWDOWN ***
4bb3d887 collected $0.25 from pot
*** SUMMARY ***
Total pot $0.25 | Rake $0 | Jackpot $0 | Bingo $0 | Fortune $0
Seat 1: fb4c10a1 (button) folded before Flop (didn't bet)
Seat 2: Hero (small blind) folded before Flop
Seat 3: 2548617d (big blind) folded before Flop
Seat 4: 4bb3d887 collected ($0.25)
Seat 5: 504bb324 folded before Flop (didn't bet)
Seat 6: d5108d4c folded before Flop (didn't bet)


Poker Hand #RC1355582983: Hold'em No Limit  ($0.05/$0.1) - 2023/02/20 11:47:21
Table 'RushAndCash12778243' 6-max Seat #1 is the button
Seat 1: ca9aca88 ($13.54 in chips)
Seat 2: 70f43646 ($18.68 in chips)
Seat 3: 4e05d6c1 ($10.07 in chips)
Seat 4: 5a8033a2 ($11.9 in chips)
Seat 5: 57060f78 ($18.77 in chips)
Seat 6: Hero ($9.95 in chips)
70f43646: posts small blind $0.05
4e05d6c1: posts big blind $0.1
*** HOLE CARDS ***
Dealt to ca9aca88 
Dealt to 70f43646 
Dealt to 4e05d6c1 
Dealt to 5a8033a2 
Dealt to 57060f78 
Dealt to Hero [8s 6s]
5a8033a2: folds
57060f78: folds
Hero: folds
ca9aca88: folds
70f43646: folds
Uncalled bet ($0.05) returned to 4e05d6c1
*** SHOWDOWN ***
4e05d6c1 collected $0.1 from pot
*** SUMMARY ***
Total pot $0.1 | Rake $0 | Jackpot $0 | Bingo $0 | Fortune $0
Seat 1: ca9aca88 (button) folded before Flop (didn't bet)
Seat 2: 70f43646 (small blind) folded before Flop
Seat 3: 4e05d6c1 (big blind) collected ($0.1)
Seat 4: 5a8033a2 folded before Flop (didn't bet)
Seat 5: 57060f78 folded before Flop (didn't bet)
Seat 6: Hero folded before Flop (didn't bet)


Poker Hand #RC1355582790: Hold'em No Limit  ($0.05/$0.1) - 2023/02/20 11:46:33
Table 'RushAndCash12778050' 6-max Seat #1 is the button
Seat 1: ac33653d ($5.36 in chips)
Seat 2: 29970b80 ($14.37 in chips)
Seat 3: d4ec3fd0 ($10 in chips)
Seat 4: b9086e54 ($26.53 in chips)
Seat 5: Hero ($10.42 in chips)
Seat 6: 8b26e42e ($10.32 in chips)
29970b80: posts small blind $0.05
d4ec3fd0: posts big blind $0.1
*** HOLE CARDS ***
Dealt to ac33653d 
Dealt to 29970b80 
Dealt to d4ec3fd0 
Dealt to b9086e54 
Dealt to Hero [Jh Th]
Dealt to 8b26e42e 
b9086e54: folds
Hero: raises $0.15 to $0.25
8b26e42e: folds
ac33653d: calls $0.25
29970b80: folds
d4ec3fd0: folds
*** FLOP *** [As 4s 2h]
Hero: bets $0.22
ac33653d: raises $0.4 to $0.62
Hero: folds
Uncalled bet ($0.4) returned to ac33653d
*** SHOWDOWN ***
ac33653d collected $1.04 from pot
*** SUMMARY ***
Total pot $1.09 | Rake $0.05 | Jackpot $0 | Bingo $0 | Fortune $0
Board [As 4s 2h]
Seat 1: ac33653d (button) won ($1.04)
Seat 2: 29970b80 (small blind) folded before Flop
Seat 3: d4ec3fd0 (big blind) folded before Flop
Seat 4: b9086e54 folded before Flop (didn't bet)
Seat 5: Hero folded on the Flop
Seat 6: 8b26e42e folded before Flop (didn't bet)


Poker Hand #RC1355582724: Hold'em No Limit  ($0.05/$0.1) - 2023/02/20 11:46:17
Table 'RushAndCash12777984' 6-max Seat #1 is the button
Seat 1: b9ba8bde ($28.88 in chips)
Seat 2: 9d1ca7d7 ($23.92 in chips)
Seat 3: 32b048b3 ($10.36 in chips)
Seat 4: 9ee2bf92 ($10.97 in chips)
Seat 5: e3d8fe88 ($13 in chips)
Seat 6: Hero ($10.42 in chips)
9d1ca7d7: posts small blind $0.05
32b048b3: posts big blind $0.1
*** HOLE CARDS ***
Dealt to b9ba8bde 
Dealt to 9d1ca7d7 
Dealt to 32b048b3 
Dealt to 9ee2bf92 
Dealt to e3d8fe88 
Dealt to Hero [6s Ah]
9ee2bf92: folds
e3d8fe88: folds
Hero: folds
b9ba8bde: raises $0.17 to $0.27
9d1ca7d7: raises $0.83 to $1.1
32b048b3: folds
b9ba8bde: calls $0.83
*** FLOP *** [Ad 3d 9d]
9d1ca7d7: bets $0.55
b9ba8bde: calls $0.55
*** TURN *** [Ad 3d 9d] [2c]
9d1ca7d7: checks
b9ba8bde: checks
*** RIVER *** [Ad 3d 9d 2c] [5h]
9d1ca7d7: checks
b9ba8bde: checks
9d1ca7d7: shows [Qs Ks] (Ace-High)
b9ba8bde: shows [Th Td] (Pair of Tens)
*** SHOWDOWN ***
b9ba8bde collected $3.09 from pot
*** SUMMARY ***
Total pot $3.4 | Rake $0.16 | Jackpot $0.15 | Bingo $0 | Fortune $0
Board [Ad 3d 9d 2c 5h]
Seat 1: b9ba8bde (button) showed [Th Td] and won ($3.09) with Pair of Tens
Seat 2: 9d1ca7d7 (small blind) showed [Qs Ks] and lost with Ace-High
Seat 3: 32b048b3 (big blind) folded before Flop
Seat 4: 9ee2bf92 folded before Flop (didn't bet)
Seat 5: e3d8fe88 folded before Flop (didn't bet)
Seat 6: Hero folded before Flop (didn't bet)


Poker Hand #RC1355582649: Hold'em No Limit  ($0.05/$0.1) - 2023/02/20 11:45:59
Table 'RushAndCash12777909' 6-max Seat #1 is the button
Seat 1: 814ec805 ($11.97 in chips)
Seat 2: 8b26e42e ($10 in chips)
Seat 3: ef6c1179 ($10 in chips)
Seat 4: Hero ($10.27 in chips)
Seat 5: 1bbfc9ec ($14.77 in chips)
Seat 6: b3042eba ($4.3 in chips)
8b26e42e: posts small blind $0.05
ef6c1179: posts big blind $0.1
*** HOLE CARDS ***
Dealt to 814ec805 
Dealt to 8b26e42e 
Dealt to ef6c1179 
Dealt to Hero [Ah Th]
Dealt to 1bbfc9ec 
Dealt to b3042eba 
Hero: raises $0.15 to $0.25
1bbfc9ec: folds
b3042eba: folds
814ec805: folds
8b26e42e: folds
ef6c1179: folds
Uncalled bet ($0.15) returned to Hero
*** SHOWDOWN ***
Hero collected $0.25 from pot
*** SUMMARY ***
Total pot $0.25 | Rake $0 | Jackpot $0 | Bingo $0 | Fortune $0
Seat 1: 814ec805 (button) folded before Flop (didn't bet)
Seat 2: 8b26e42e (small blind) folded before Flop
Seat 3: ef6c1179 (big blind) folded before Flop
Seat 4: Hero collected ($0.25)
Seat 5: 1bbfc9ec folded before Flop (didn't bet)
Seat 6: b3042eba folded before Flop (didn't bet)


Poker Hand #RC1355582588: Hold'em No Limit  ($0.05/$0.1) - 2023/02/20 11:45:45
Table 'RushAndCash12777848' 6-max Seat #1 is the button
Seat 1: 496812d8 ($8.75 in chips)
Seat 2: 261525be ($55.9 in chips)
Seat 3: Hero ($10.37 in chips)
Seat 4: e9e58f04 ($10.3 in chips)
Seat 5: 98297d79 ($10.41 in chips)
Seat 6: b3484d5 ($9.95 in chips)
261525be: posts small blind $0.05
Hero: posts big blind $0.1
*** HOLE CARDS ***
Dealt to 496812d8 
Dealt to 261525be 
Dealt to Hero [Jc As]
Dealt to e9e58f04 
Dealt to 98297d79 
Dealt to b3484d5 
e9e58f04: folds
98297d79: folds
b3484d5: raises $0.15 to $0.25
496812d8: raises $0.55 to $0.8
261525be: folds
Hero: folds
b3484d5: calls $0.55
*** FLOP *** [5h 8s Ts]
b3484d5: checks
496812d8: bets $0.84
b3484d5: raises $1.72 to $2.56
496812d8: raises $5.39 to $7.95 and is all-in
b3484d5: calls $5.39
496812d8: shows [Qs Qd] (Pair of Queens)
b3484d5: shows [Ad 5s] (Pair of Fives)
*** TURN *** [5h 8s Ts] [4s]
*** RIVER *** [5h 8s Ts 4s] [3d]
*** SHOWDOWN ***
496812d8 collected $17.2 from pot
*** SUMMARY ***
Total pot $17.65 | Rake $0.3 | Jackpot $0.15 | Bingo $0 | Fortune $0
Board [5h 8s Ts 4s 3d]
Seat 1: 496812d8 (button) showed [Qs Qd] and won ($17.2) with Pair of Queens
Seat 2: 261525be (small blind) folded before Flop
Seat 3: Hero (big blind) folded before Flop
Seat 4: e9e58f04 folded before Flop (didn't bet)
Seat 5: 98297d79 folded before Flop (didn't bet)
Seat 6: b3484d5 showed [Ad 5s] and lost with Pair of Fives


Poker Hand #RC1355582537: Hold'em No Limit  ($0.05/$0.1) - 2023/02/20 11:45:33
Table 'RushAndCash12777797' 6-max Seat #1 is the button
Seat 1: Hero ($10.37 in chips)
Seat 2: c7996aac ($14.41 in chips)
Seat 3: ed68f3b6 ($9.24 in chips)
Seat 4: 69f7efff ($11.48 in chips)
Seat 5: 185f7147 ($5 in chips)
Seat 6: f7937a5c ($14.46 in chips)
c7996aac: posts small blind $0.05
ed68f3b6: posts big blind $0.1
*** HOLE CARDS ***
Dealt to Hero [8c Ts]
Dealt to c7996aac 
Dealt to ed68f3b6 
Dealt to 69f7efff 
Dealt to 185f7147 
Dealt to f7937a5c 
69f7efff: folds
185f7147: folds
f7937a5c: folds
Hero: folds
c7996aac: folds
Uncalled bet ($0.05) returned to ed68f3b6
*** SHOWDOWN ***
ed68f3b6 collected $0.1 from pot
*** SUMMARY ***
Total pot $0.1 | Rake $0 | Jackpot $0 | Bingo $0 | Fortune $0
Seat 1: Hero (button) folded before Flop (didn't bet)
Seat 2: c7996aac (small blind) folded before Flop
Seat 3: ed68f3b6 (big blind) collected ($0.1)
Seat 4: 69f7efff folded before Flop (didn't bet)
Seat 5: 185f7147 folded before Flop (didn't bet)
Seat 6: f7937a5c folded before Flop (didn't bet)


Poker Hand #RC1355582414: Hold'em No Limit  ($0.05/$0.1) - 2023/02/20 11:45:03
Table 'RushAndCash12777674' 6-max Seat #1 is the button
Seat 1: c787ca42 ($14.14 in chips)
Seat 2: Hero ($10.27 in chips)
Seat 3: f4838bc0 ($11.66 in chips)
Seat 4: e9fd67fc ($19.77 in chips)
Seat 5: fd40e209 ($11.92 in chips)
Seat 6: 814ec805 ($12.27 in chips)
Hero: posts small blind $0.05
f4838bc0: posts big blind $0.1
*** HOLE CARDS ***
Dealt to c787ca42 
Dealt to Hero [Ah As]
Dealt to f4838bc0 
Dealt to e9fd67fc 
Dealt to fd40e209 
Dealt to 814ec805 
e9fd67fc: folds
fd40e209: folds
814ec805: folds
c787ca42: folds
Hero: raises $0.2 to $0.3
f4838bc0: folds
Uncalled bet ($0.2) returned to Hero
*** SHOWDOWN ***
Hero collected $0.2 from pot
*** SUMMARY ***
Total pot $0.2 | Rake $0 | Jackpot $0 | Bingo $0 | Fortune $0
Seat 1: c787ca42 (button) folded before Flop (didn't bet)
Seat 2: Hero (small blind) collected ($0.2)
Seat 3: f4838bc0 (big blind) folded before Flop
Seat 4: e9fd67fc folded before Flop (didn't bet)
Seat 5: fd40e209 folded before Flop (didn't bet)
Seat 6: 814ec805 folded before Flop (didn't bet)


Poker Hand #RC1355582390: Hold'em No Limit  ($0.05/$0.1) - 2023/02/20 11:44:57
Table 'RushAndCash12777650' 6-max Seat #1 is the button
Seat 1: 8c4b2037 ($10 in chips)
Seat 2: 9f20d5a5 ($10 in chips)
Seat 3: 2e142640 ($16.99 in chips)
Seat 4: Hero ($10.27 in chips)
Seat 5: 29970b80 ($14.62 in chips)
Seat 6: c652516f ($10 in chips)
9f20d5a5: posts small blind $0.05
2e142640: posts big blind $0.1
*** HOLE CARDS ***
Dealt to 8c4b2037 
Dealt to 9f20d5a5 
Dealt to 2e142640 
Dealt to Hero [3d 3h]
Dealt to 29970b80 
Dealt to c652516f 
Hero: folds
29970b80: folds
c652516f: folds
8c4b2037: raises $0.2 to $0.3
9f20d5a5: raises $0.95 to $1.25
2e142640: folds
8c4b2037: calls $0.95
*** FLOP *** [Kc Td 6h]
9f20d5a5: bets $0.86
8c4b2037: calls $0.86
*** TURN *** [Kc Td 6h] [Qs]
9f20d5a5: checks
8c4b2037: bets $2.16
9f20d5a5: calls $2.16
*** RIVER *** [Kc Td 6h Qs] [6d]
9f20d5a5: checks
8c4b2037: bets $5.73 and is all-in
9f20d5a5: folds
Uncalled bet ($5.73) returned to 8c4b2037
*** SHOWDOWN ***
8c4b2037 collected $8.19 from pot
*** SUMMARY ***
Total pot $8.64 | Rake $0.3 | Jackpot $0.15 | Bingo $0 | Fortune $0
Board [Kc Td 6h Qs 6d]
Seat 1: 8c4b2037 (button) won ($8.19)
Seat 2: 9f20d5a5 (small blind) folded on the River
Seat 3: 2e142640 (big blind) folded before Flop
Seat 4: Hero folded before Flop (didn't bet)
Seat 5: 29970b80 folded before Flop (didn't bet)
Seat 6: c652516f folded before Flop (didn't bet)


Poker Hand #RC1355582359: Hold'em No Limit  ($0.05/$0.1) - 2023/02/20 11:44:50
Table 'RushAndCash12777619' 6-max Seat #1 is the button
Seat 1: 2300777e ($29.14 in chips)
Seat 2: b638a5e0 ($16 in chips)
Seat 3: de7b432e ($11.58 in chips)
Seat 4: Hero ($10.12 in chips)
Seat 5: 3b2034cb ($11.67 in chips)
Seat 6: 504bb324 ($14.8 in chips)
b638a5e0: posts small blind $0.05
de7b432e: posts big blind $0.1
*** HOLE CARDS ***
Dealt to 2300777e 
Dealt to b638a5e0 
Dealt to de7b432e 
Dealt to Hero [As 7c]
Dealt to 3b2034cb 
Dealt to 504bb324 
Hero: folds
3b2034cb: folds
504bb324: folds
2300777e: folds
b638a5e0: raises $0.2 to $0.3
de7b432e: folds
Uncalled bet ($0.2) returned to b638a5e0
*** SHOWDOWN ***
b638a5e0 collected $0.2 from pot
*** SUMMARY ***
Total pot $0.2 | Rake $0 | Jackpot $0 | Bingo $0 | Fortune $0
Seat 1: 2300777e (button) folded before Flop (didn't bet)
Seat 2: b638a5e0 (small blind) collected ($0.2)
Seat 3: de7b432e (big blind) folded before Flop
Seat 4: Hero folded before Flop (didn't bet)
Seat 5: 3b2034cb folded before Flop (didn't bet)
Seat 6: 504bb324 folded before Flop (didn't bet)


Poker Hand #RC1355582340: Hold'em No Limit  ($0.05/$0.1) - 2023/02/20 11:44:45
Table 'RushAndCash12777600' 6-max Seat #1 is the button
Seat 1: c5a518de ($13.42 in chips)
Seat 2: c652516f ($10 in chips)
Seat 3: ab9f295a ($14.98 in chips)
Seat 4: 714ad84c ($11.79 in chips)
Seat 5: 2b4cc1df ($10.85 in chips)
Seat 6: Hero ($10.12 in chips)
c652516f: posts small blind $0.05
ab9f295a: posts big blind $0.1
*** HOLE CARDS ***
Dealt to c5a518de 
Dealt to c652516f 
Dealt to ab9f295a 
Dealt to 714ad84c 
Dealt to 2b4cc1df 
Dealt to Hero [4c Ks]
714ad84c: folds
2b4cc1df: folds
Hero: folds
c5a518de: folds
c652516f: folds
Uncalled bet ($0.05) returned to ab9f295a
*** SHOWDOWN ***
ab9f295a collected $0.1 from pot
*** SUMMARY ***
Total pot $0.1 | Rake $0 | Jackpot $0 | Bingo $0 | Fortune $0
Seat 1: c5a518de (button) folded before Flop (didn't bet)
Seat 2: c652516f (small blind) folded before Flop
Seat 3: ab9f295a (big blind) collected ($0.1)
Seat 4: 714ad84c folded before Flop (didn't bet)
Seat 5: 2b4cc1df folded before Flop (didn't bet)
Seat 6: Hero folded before Flop (didn't bet)


Poker Hand #RC1355582316: Hold'em No Limit  ($0.05/$0.1) - 2023/02/20 11:44:41
Table 'RushAndCash12777576' 6-max Seat #1 is the button
Seat 1: 4c27045d ($10.36 in chips)
Seat 2: 7461a20c ($10.15 in chips)
Seat 3: Hero ($10.22 in chips)
Seat 4: 1f0a25e3 ($22.2 in chips)
Seat 5: 1013c7e6 ($21.55 in chips)
Seat 6: f33836bd ($15.04 in chips)
7461a20c: posts small blind $0.05
Hero: posts big blind $0.1
*** HOLE CARDS ***
Dealt to 4c27045d 
Dealt to 7461a20c 
Dealt to Hero [Ks 8d]
Dealt to 1f0a25e3 
Dealt to 1013c7e6 
Dealt to f33836bd 
1f0a25e3: folds
1013c7e6: folds
f33836bd: folds
4c27045d: folds
7461a20c: folds
Uncalled bet ($0.05) returned to Hero
*** SHOWDOWN ***
Hero collected $0.1 from pot
*** SUMMARY ***
Total pot $0.1 | Rake $0 | Jackpot $0 | Bingo $0 | Fortune $0
Seat 1: 4c27045d (button) folded before Flop (didn't bet)
Seat 2: 7461a20c (small blind) folded before Flop
Seat 3: Hero (big blind) collected ($0.1)
Seat 4: 1f0a25e3 folded before Flop (didn't bet)
Seat 5: 1013c7e6 folded before Flop (didn't bet)
Seat 6: f33836bd folded before Flop (didn't bet)


Poker Hand #RC1355582245: Hold'em No Limit  ($0.05/$0.1) - 2023/02/20 11:44:26
Table 'RushAndCash12777505' 6-max Seat #1 is the button
Seat 1: 7a4a6309 ($15.96 in chips)
Seat 2: 4c21bc60 ($10.46 in chips)
Seat 3: ca9aca88 ($13.53 in chips)
Seat 4: d5108d4c ($13.33 in chips)
Seat 5: b9086e54 ($26.48 in chips)
Seat 6: Hero ($10.22 in chips)
4c21bc60: posts small blind $0.05
ca9aca88: posts big blind $0.1
*** HOLE CARDS ***
Dealt to 7a4a6309 
Dealt to 4c21bc60 
Dealt to ca9aca88 
Dealt to d5108d4c 
Dealt to b9086e54 
Dealt to Hero [Ad 5c]
d5108d4c: folds
b9086e54: folds
Hero: folds
7a4a6309: raises $0.1 to $0.2
4c21bc60: folds
ca9aca88: calls $0.1
*** FLOP *** [3c 3h Kd]
ca9aca88: checks
7a4a6309: checks
*** TURN *** [3c 3h Kd] [As]
ca9aca88: checks
7a4a6309: checks
*** RIVER *** [3c 3h Kd As] [Qs]
ca9aca88: bets $0.45
7a4a6309: folds
Uncalled bet ($0.45) returned to ca9aca88
*** SHOWDOWN ***
ca9aca88 collected $0.43 from pot
*** SUMMARY ***
Total pot $0.45 | Rake $0.02 | Jackpot $0 | Bingo $0 | Fortune $0
Board [3c 3h Kd As Qs]
Seat 1: 7a4a6309 (button) folded on the River
Seat 2: 4c21bc60 (small blind) folded before Flop
Seat 3: ca9aca88 (big blind) won ($0.43)
Seat 4: d5108d4c folded before Flop (didn't bet)
Seat 5: b9086e54 folded before Flop (didn't bet)
Seat 6: Hero folded before Flop (didn't bet)


Poker Hand #RC1355582193: Hold'em No Limit  ($0.05/$0.1) - 2023/02/20 11:44:14
Table 'RushAndCash12777453' 6-max Seat #1 is the button
Seat 1: Hero ($10.22 in chips)
Seat 2: 423d0411 ($19.65 in chips)
Seat 3: 1013c7e6 ($21.35 in chips)
Seat 4: fb4c10a1 ($10 in chips)
Seat 5: edfcd644 ($40.36 in chips)
Seat 6: f13cd472 ($9.85 in chips)
423d0411: posts small blind $0.05
1013c7e6: posts big blind $0.1
*** HOLE CARDS ***
Dealt to Hero [4c 8d]
Dealt to 423d0411 
Dealt to 1013c7e6 
Dealt to fb4c10a1 
Dealt to edfcd644 
Dealt to f13cd472 
fb4c10a1: folds
edfcd644: raises $0.1 to $0.2
f13cd472: calls $0.2
Hero: folds
423d0411: folds
1013c7e6: folds
*** FLOP *** [Jd 2s Ah]
edfcd644: checks
f13cd472: checks
*** TURN *** [Jd 2s Ah] [Ks]
edfcd644: bets $0.2
f13cd472: folds
Uncalled bet ($0.2) returned to edfcd644
*** SHOWDOWN ***
edfcd644 collected $0.53 from pot
*** SUMMARY ***
Total pot $0.55 | Rake $0.02 | Jackpot $0 | Bingo $0 | Fortune $0
Board [Jd 2s Ah Ks]
Seat 1: Hero (button) folded before Flop (didn't bet)
Seat 2: 423d0411 (small blind) folded before Flop
Seat 3: 1013c7e6 (big blind) folded before Flop
Seat 4: fb4c10a1 folded before Flop (didn't bet)
Seat 5: edfcd644 won ($0.53)
Seat 6: f13cd472 folded on the Turn


Poker Hand #RC1355582161: Hold'em No Limit  ($0.05/$0.1) - 2023/02/20 11:44:07
Table 'RushAndCash12777421' 6-max Seat #1 is the button
Seat 1: 3eaeaa30 ($10 in chips)
Seat 2: Hero ($10.27 in chips)
Seat 3: d7fcce4c ($18.51 in chips)
Seat 4: 6245411b ($10 in chips)
Seat 5: 6e9a2be6 ($3.85 in chips)
Seat 6: d381fbc9 ($15.67 in chips)
Hero: posts small blind $0.05
d7fcce4c: posts big blind $0.1
*** HOLE CARDS ***
Dealt to 3eaeaa30 
Dealt to Hero [8h 4d]
Dealt to d7fcce4c 
Dealt to 6245411b 
Dealt to 6e9a2be6 
Dealt to d381fbc9 
6245411b: folds
6e9a2be6: folds
d381fbc9: folds
3eaeaa30: raises $0.15 to $0.25
Hero: folds
d7fcce4c: folds
Uncalled bet ($0.15) returned to 3eaeaa30
*** SHOWDOWN ***
3eaeaa30 collected $0.25 from pot
*** SUMMARY ***
Total pot $0.25 | Rake $0 | Jackpot $0 | Bingo $0 | Fortune $0
Seat 1: 3eaeaa30 (button) collected ($0.25)
Seat 2: Hero (small blind) folded before Flop
Seat 3: d7fcce4c (big blind) folded before Flop
Seat 4: 6245411b folded before Flop (didn't bet)
Seat 5: 6e9a2be6 folded before Flop (didn't bet)
Seat 6: d381fbc9 folded before Flop (didn't bet)


Poker Hand #RC1355582127: Hold'em No Limit  ($0.05/$0.1) - 2023/02/20 11:44:00
Table 'RushAndCash12777387' 6-max Seat #1 is the button
Seat 1: 3e77cab6 ($10.67 in chips)
Seat 2: 9a6fc320 ($7.91 in chips)
Seat 3: c6363daa ($11.62 in chips)
Seat 4: Hero ($10.27 in chips)
Seat 5: ce17b63a ($10.15 in chips)
Seat 6: 59e35fe1 ($11.36 in chips)
9a6fc320: posts small blind $0.05
c6363daa: posts big blind $0.1
*** HOLE CARDS ***
Dealt to 3e77cab6 
Dealt to 9a6fc320 
Dealt to c6363daa 
Dealt to Hero [9h Ks]
Dealt to ce17b63a 
Dealt to 59e35fe1 
Hero: folds
ce17b63a: folds
59e35fe1: folds
3e77cab6: folds
9a6fc320: folds
Uncalled bet ($0.05) returned to c6363daa
*** SHOWDOWN ***
c6363daa collected $0.1 from pot
*** SUMMARY ***
Total pot $0.1 | Rake $0 | Jackpot $0 | Bingo $0 | Fortune $0
Seat 1: 3e77cab6 (button) folded before Flop (didn't bet)
Seat 2: 9a6fc320 (small blind) folded before Flop
Seat 3: c6363daa (big blind) collected ($0.1)
Seat 4: Hero folded before Flop (didn't bet)
Seat 5: ce17b63a folded before Flop (didn't bet)
Seat 6: 59e35fe1 folded before Flop (didn't bet)


Poker Hand #RC1355582105: Hold'em No Limit  ($0.05/$0.1) - 2023/02/20 11:43:55
Table 'RushAndCash12777365' 6-max Seat #1 is the button
Seat 1: a00bb7ed ($10 in chips)
Seat 2: 5105c32 ($12.32 in chips)
Seat 3: d378e30a ($14.61 in chips)
Seat 4: 714ad84c ($11.64 in chips)
Seat 5: Hero ($10.27 in chips)
Seat 6: b9086e54 ($26.33 in chips)
5105c32: posts small blind $0.05
d378e30a: posts big blind $0.1
*** HOLE CARDS ***
Dealt to a00bb7ed 
Dealt to 5105c32 
Dealt to d378e30a 
Dealt to 714ad84c 
Dealt to Hero [6s 9c]
Dealt to b9086e54 
714ad84c: folds
Hero: folds
b9086e54: folds
a00bb7ed: folds
5105c32: folds
Uncalled bet ($0.05) returned to d378e30a
*** SHOWDOWN ***
d378e30a collected $0.1 from pot
*** SUMMARY ***
Total pot $0.1 | Rake $0 | Jackpot $0 | Bingo $0 | Fortune $0
Seat 1: a00bb7ed (button) folded before Flop (didn't bet)
Seat 2: 5105c32 (small blind) folded before Flop
Seat 3: d378e30a (big blind) collected ($0.1)
Seat 4: 714ad84c folded before Flop (didn't bet)
Seat 5: Hero folded before Flop (didn't bet)
Seat 6: b9086e54 folded before Flop (didn't bet)


Poker Hand #RC1355582074: Hold'em No Limit  ($0.05/$0.1) - 2023/02/20 11:43:47
Table 'RushAndCash12777334' 6-max Seat #1 is the button
Seat 1: 1f0a25e3 ($21.78 in chips)
Seat 2: Hero ($10.32 in chips)
Seat 3: 6bd53d63 ($10.34 in chips)
Seat 4: 11cf0d3f ($11.5 in chips)
Seat 5: 75bd68d5 ($10 in chips)
Seat 6: 26b67938 ($10.03 in chips)
Hero: posts small blind $0.05
6bd53d63: posts big blind $0.1
*** HOLE CARDS ***
Dealt to 1f0a25e3 
Dealt to Hero [3c Ks]
Dealt to 6bd53d63 
Dealt to 11cf0d3f 
Dealt to 75bd68d5 
Dealt to 26b67938 
11cf0d3f: folds
75bd68d5: folds
26b67938: raises $0.15 to $0.25
1f0a25e3: folds
Hero: folds
6bd53d63: calls $0.15
*** FLOP *** [5s 7s 9d]
6bd53d63: bets $0.19
26b67938: calls $0.19
*** TURN *** [5s 7s 9d] [3h]
6bd53d63: bets $0.47
26b67938: folds
Uncalled bet ($0.47) returned to 6bd53d63
*** SHOWDOWN ***
6bd53d63 collected $0.89 from pot
*** SUMMARY ***
Total pot $0.93 | Rake $0.04 | Jackpot $0 | Bingo $0 | Fortune $0
Board [5s 7s 9d 3h]
Seat 1: 1f0a25e3 (button) folded before Flop (didn't bet)
Seat 2: Hero (small blind) folded before Flop
Seat 3: 6bd53d63 (big blind) won ($0.89)
Seat 4: 11cf0d3f folded before Flop (didn't bet)
Seat 5: 75bd68d5 folded before Flop (didn't bet)
Seat 6: 26b67938 folded on the Turn


Poker Hand #RC1355582015: Hold'em No Limit  ($0.05/$0.1) - 2023/02/20 11:43:34
Table 'RushAndCash12777275' 6-max Seat #1 is the button
Seat 1: Hero ($10.17 in chips)
Seat 2: 625da9e3 ($14.96 in chips)
Seat 3: 98bd588b ($4.5 in chips)
Seat 4: 85db5c4f ($12.61 in chips)
Seat 5: 32b048b3 ($10.41 in chips)
Seat 6: 4a2d4ec8 ($10 in chips)
625da9e3: posts small blind $0.05
98bd588b: posts big blind $0.1
*** HOLE CARDS ***
Dealt to Hero [Qs Js]
Dealt to 625da9e3 
Dealt to 98bd588b 
Dealt to 85db5c4f 
Dealt to 32b048b3 
Dealt to 4a2d4ec8 
85db5c4f: folds
32b048b3: folds
4a2d4ec8: folds
Hero: raises $0.15 to $0.25
625da9e3: folds
98bd588b: folds
Uncalled bet ($0.15) returned to Hero
*** SHOWDOWN ***
Hero collected $0.25 from pot
*** SUMMARY ***
Total pot $0.25 | Rake $0 | Jackpot $0 | Bingo $0 | Fortune $0
Seat 1: Hero (button) collected ($0.25)
Seat 2: 625da9e3 (small blind) folded before Flop
Seat 3: 98bd588b (big blind) folded before Flop
Seat 4: 85db5c4f folded before Flop (didn't bet)
Seat 5: 32b048b3 folded before Flop (didn't bet)
Seat 6: 4a2d4ec8 folded before Flop (didn't bet)


Poker Hand #RC1355581973: Hold'em No Limit  ($0.05/$0.1) - 2023/02/20 11:43:25
Table 'RushAndCash12777233' 6-max Seat #1 is the button
Seat 1: 9ee2bf92 ($10.27 in chips)
Seat 2: 71162434 ($12.12 in chips)
Seat 3: 74f587fe ($16.7 in chips)
Seat 4: dc9819cc ($21.17 in chips)
Seat 5: c6363daa ($11.72 in chips)
Seat 6: Hero ($10.17 in chips)
71162434: posts small blind $0.05
74f587fe: posts big blind $0.1
*** HOLE CARDS ***
Dealt to 9ee2bf92 
Dealt to 71162434 
Dealt to 74f587fe 
Dealt to dc9819cc 
Dealt to c6363daa 
Dealt to Hero [Kd 6h]
dc9819cc: raises $0.15 to $0.25
c6363daa: folds
Hero: folds
9ee2bf92: folds
71162434: folds
74f587fe: folds
Uncalled bet ($0.15) returned to dc9819cc
*** SHOWDOWN ***
dc9819cc collected $0.25 from pot
*** SUMMARY ***
Total pot $0.25 | Rake $0 | Jackpot $0 | Bingo $0 | Fortune $0
Seat 1: 9ee2bf92 (button) folded before Flop (didn't bet)
Seat 2: 71162434 (small blind) folded before Flop
Seat 3: 74f587fe (big blind) folded before Flop
Seat 4: dc9819cc collected ($0.25)
Seat 5: c6363daa folded before Flop (didn't bet)
Seat 6: Hero folded before Flop (didn't bet)


Poker Hand #RC1355581871: Hold'em No Limit  ($0.05/$0.1) - 2023/02/20 11:43:01
Table 'RushAndCash12777131' 6-max Seat #1 is the button
Seat 1: c6363daa ($11.77 in chips)
Seat 2: 9ee2bf92 ($10 in chips)
Seat 3: Hero ($10.47 in chips)
Seat 4: 47721294 ($10.68 in chips)
Seat 5: 3257f09e ($3.8 in chips)
Seat 6: df5e9134 ($21.41 in chips)
9ee2bf92: posts small blind $0.05
Hero: posts big blind $0.1
*** HOLE CARDS ***
Dealt to c6363daa 
Dealt to 9ee2bf92 
Dealt to Hero [4d 5d]
Dealt to 47721294 
Dealt to 3257f09e 
Dealt to df5e9134 
47721294: folds
3257f09e: folds
df5e9134: folds
c6363daa: folds
9ee2bf92: raises $0.2 to $0.3
Hero: calls $0.2
*** FLOP *** [9s 3s Jd]
9ee2bf92: bets $0.2
Hero: folds
Uncalled bet ($0.2) returned to 9ee2bf92
*** SHOWDOWN ***
9ee2bf92 collected $0.57 from pot
*** SUMMARY ***
Total pot $0.6 | Rake $0.03 | Jackpot $0 | Bingo $0 | Fortune $0
Board [9s 3s Jd]
Seat 1: c6363daa (button) folded before Flop (didn't bet)
Seat 2: 9ee2bf92 (small blind) won ($0.57)
Seat 3: Hero (big blind) folded on the Flop
Seat 4: 47721294 folded before Flop (didn't bet)
Seat 5: 3257f09e folded before Flop (didn't bet)
Seat 6: df5e9134 folded before Flop (didn't bet)


Poker Hand #RC1355581853: Hold'em No Limit  ($0.05/$0.1) - 2023/02/20 11:42:57
Table 'RushAndCash12777113' 6-max Seat #1 is the button
Seat 1: 18148c0e ($52.41 in chips)
Seat 2: 75a3c83b ($11.22 in chips)
Seat 3: 401fd68d ($10.82 in chips)
Seat 4: 3e57b2f3 ($12.12 in chips)
Seat 5: Hero ($10.47 in chips)
Seat 6: ebe16dcb ($10.15 in chips)
75a3c83b: posts small blind $0.05
401fd68d: posts big blind $0.1
*** HOLE CARDS ***
Dealt to 18148c0e 
Dealt to 75a3c83b 
Dealt to 401fd68d 
Dealt to 3e57b2f3 
Dealt to Hero [2s Jh]
Dealt to ebe16dcb 
3e57b2f3: folds
Hero: folds
ebe16dcb: folds
18148c0e: folds
75a3c83b: folds
Uncalled bet ($0.05) returned to 401fd68d
*** SHOWDOWN ***
401fd68d collected $0.1 from pot
*** SUMMARY ***
Total pot $0.1 | Rake $0 | Jackpot $0 | Bingo $0 | Fortune $0
Seat 1: 18148c0e (button) folded before Flop (didn't bet)
Seat 2: 75a3c83b (small blind) folded before Flop
Seat 3: 401fd68d (big blind) collected ($0.1)
Seat 4: 3e57b2f3 folded before Flop (didn't bet)
Seat 5: Hero folded before Flop (didn't bet)
Seat 6: ebe16dcb folded before Flop (didn't bet)


Poker Hand #RC1355581792: Hold'em No Limit  ($0.05/$0.1) - 2023/02/20 11:42:43
Table 'RushAndCash12777052' 6-max Seat #1 is the button
Seat 1: 923dd56f ($10.47 in chips)
Seat 2: 7ccce496 ($11.56 in chips)
Seat 3: b638a5e0 ($12.55 in chips)
Seat 4: cb7e90ec ($10 in chips)
Seat 5: c8f39a8 ($6.52 in chips)
Seat 6: Hero ($10.17 in chips)
7ccce496: posts small blind $0.05
b638a5e0: posts big blind $0.1
*** HOLE CARDS ***
Dealt to 923dd56f 
Dealt to 7ccce496 
Dealt to b638a5e0 
Dealt to cb7e90ec 
Dealt to c8f39a8 
Dealt to Hero [Qs Qc]
cb7e90ec: folds
c8f39a8: folds
Hero: raises $0.15 to $0.25
923dd56f: folds
7ccce496: folds
b638a5e0: folds
Uncalled bet ($0.15) returned to Hero
*** SHOWDOWN ***
Hero collected $0.25 from pot
*** SUMMARY ***
Total pot $0.25 | Rake $0 | Jackpot $0 | Bingo $0 | Fortune $0
Seat 1: 923dd56f (button) folded before Flop (didn't bet)
Seat 2: 7ccce496 (small blind) folded before Flop
Seat 3: b638a5e0 (big blind) folded before Flop
Seat 4: cb7e90ec folded before Flop (didn't bet)
Seat 5: c8f39a8 folded before Flop (didn't bet)
Seat 6: Hero collected ($0.25)


Poker Hand #RC1355581745: Hold'em No Limit  ($0.05/$0.1) - 2023/02/20 11:42:33
Table 'RushAndCash12777005' 6-max Seat #1 is the button
Seat 1: 8374f261 ($10.43 in chips)
Seat 2: 57060f78 ($14.06 in chips)
Seat 3: Hero ($10.27 in chips)
Seat 4: fe1da6ca ($10.67 in chips)
Seat 5: 69f7efff ($10 in chips)
Seat 6: d52e55e7 ($11.12 in chips)
57060f78: posts small blind $0.05
Hero: posts big blind $0.1
*** HOLE CARDS ***
Dealt to 8374f261 
Dealt to 57060f78 
Dealt to Hero [3s Th]
Dealt to fe1da6ca 
Dealt to 69f7efff 
Dealt to d52e55e7 
fe1da6ca: folds
69f7efff: folds
d52e55e7: folds
8374f261: folds
57060f78: folds
Uncalled bet ($0.05) returned to Hero
*** SHOWDOWN ***
Hero collected $0.1 from pot
*** SUMMARY ***
Total pot $0.1 | Rake $0 | Jackpot $0 | Bingo $0 | Fortune $0
Seat 1: 8374f261 (button) folded before Flop (didn't bet)
Seat 2: 57060f78 (small blind) folded before Flop
Seat 3: Hero (big blind) collected ($0.1)
Seat 4: fe1da6ca folded before Flop (didn't bet)
Seat 5: 69f7efff folded before Flop (didn't bet)
Seat 6: d52e55e7 folded before Flop (didn't bet)


Poker Hand #RC1355581688: Hold'em No Limit  ($0.05/$0.1) - 2023/02/20 11:42:20
Table 'RushAndCash12776948' 6-max Seat #1 is the button
Seat 1: 2b4cc1df ($10.97 in chips)
Seat 2: da925359 ($10.15 in chips)
Seat 3: 3d8f9ae5 ($11.08 in chips)
Seat 4: Hero ($10.27 in chips)
Seat 5: d079ab9a ($10.39 in chips)
Seat 6: df5e9134 ($21.61 in chips)
da925359: posts small blind $0.05
3d8f9ae5: posts big blind $0.1
*** HOLE CARDS ***
Dealt to 2b4cc1df 
Dealt to da925359 
Dealt to 3d8f9ae5 
Dealt to Hero [6s Kd]
Dealt to d079ab9a 
Dealt to df5e9134 
Hero: folds
d079ab9a: folds
df5e9134: folds
2b4cc1df: raises $0.15 to $0.25
da925359: calls $0.2
3d8f9ae5: calls $0.15
*** FLOP *** [Js 8c 8d]
da925359: checks
3d8f9ae5: checks
2b4cc1df: checks
*** TURN *** [Js 8c 8d] [2h]
da925359: checks
3d8f9ae5: bets $0.39
2b4cc1df: folds
da925359: calls $0.39
*** RIVER *** [Js 8c 8d 2h] [5s]
da925359: checks
3d8f9ae5: bets $1
da925359: folds
Uncalled bet ($1) returned to 3d8f9ae5
*** SHOWDOWN ***
3d8f9ae5 collected $1.46 from pot
*** SUMMARY ***
Total pot $1.53 | Rake $0.07 | Jackpot $0 | Bingo $0 | Fortune $0
Board [Js 8c 8d 2h 5s]
Seat 1: 2b4cc1df (button) folded on the Turn
Seat 2: da925359 (small blind) folded on the River
Seat 3: 3d8f9ae5 (big blind) won ($1.46)
Seat 4: Hero folded before Flop (didn't bet)
Seat 5: d079ab9a folded before Flop (didn't bet)
Seat 6: df5e9134 folded before Flop (didn't bet)


Poker Hand #RC1355581489: Hold'em No Limit  ($0.05/$0.1) - 2023/02/20 11:41:35
Table 'RushAndCash12776749' 6-max Seat #1 is the button
Seat 1: 506bcb61 ($13.79 in chips)
Seat 2: 2b4cc1df ($10.33 in chips)
Seat 3: c36eda35 ($5.64 in chips)
Seat 4: 72093c61 ($30.04 in chips)
Seat 5: 1d0ec72c ($13.41 in chips)
Seat 6: Hero ($10.87 in chips)
2b4cc1df: posts small blind $0.05
c36eda35: posts big blind $0.1
*** HOLE CARDS ***
Dealt to 506bcb61 
Dealt to 2b4cc1df 
Dealt to c36eda35 
Dealt to 72093c61 
Dealt to 1d0ec72c 
Dealt to Hero [6d 5d]
72093c61: folds
1d0ec72c: folds
Hero: calls $0.1
506bcb61: folds
2b4cc1df: raises $0.5 to $0.6
c36eda35: folds
Hero: calls $0.5
*** FLOP *** [As 8d 5h]
2b4cc1df: bets $0.43
Hero: folds
Uncalled bet ($0.43) returned to 2b4cc1df
*** SHOWDOWN ***
2b4cc1df collected $1.24 from pot
*** SUMMARY ***
Total pot $1.3 | Rake $0.06 | Jackpot $0 | Bingo $0 | Fortune $0
Board [As 8d 5h]
Seat 1: 506bcb61 (button) folded before Flop (didn't bet)
Seat 2: 2b4cc1df (small blind) won ($1.24)
Seat 3: c36eda35 (big blind) folded before Flop
Seat 4: 72093c61 folded before Flop (didn't bet)
Seat 5: 1d0ec72c folded before Flop (didn't bet)
Seat 6: Hero folded on the Flop


Poker Hand #RC1355581449: Hold'em No Limit  ($0.05/$0.1) - 2023/02/20 11:41:27
Table 'RushAndCash12776709' 6-max Seat #1 is the button
Seat 1: e7e87e52 ($11.84 in chips)
Seat 2: 7ad1af32 ($10.15 in chips)
Seat 3: a2d07db2 ($12.91 in chips)
Seat 4: Hero ($10.87 in chips)
Seat 5: 285561b7 ($11.44 in chips)
Seat 6: 72093c61 ($30.04 in chips)
7ad1af32: posts small blind $0.05
a2d07db2: posts big blind $0.1
*** HOLE CARDS ***
Dealt to e7e87e52 
Dealt to 7ad1af32 
Dealt to a2d07db2 
Dealt to Hero [2s 7h]
Dealt to 285561b7 
Dealt to 72093c61 
Hero: folds
285561b7: folds
72093c61: folds
e7e87e52: raises $0.15 to $0.25
7ad1af32: folds
a2d07db2: folds
Uncalled bet ($0.15) returned to e7e87e52
*** SHOWDOWN ***
e7e87e52 collected $0.25 from pot
*** SUMMARY ***
Total pot $0.25 | Rake $0 | Jackpot $0 | Bingo $0 | Fortune $0
Seat 1: e7e87e52 (button) collected ($0.25)
Seat 2: 7ad1af32 (small blind) folded before Flop
Seat 3: a2d07db2 (big blind) folded before Flop
Seat 4: Hero folded before Flop (didn't bet)
Seat 5: 285561b7 folded before Flop (didn't bet)
Seat 6: 72093c61 folded before Flop (didn't bet)


Poker Hand #RC1355581406: Hold'em No Limit  ($0.05/$0.1) - 2023/02/20 11:41:19
Table 'RushAndCash12776666' 6-max Seat #1 is the button
Seat 1: Hero ($10.87 in chips)
Seat 2: 5fcfd50c ($52.47 in chips)
Seat 3: d9ef9ff4 ($10.98 in chips)
Seat 4: 577a8b45 ($11.96 in chips)
Seat 5: c44142ba ($10 in chips)
Seat 6: 2b4cc1df ($10.28 in chips)
5fcfd50c: posts small blind $0.05
d9ef9ff4: posts big blind $0.1
*** HOLE CARDS ***
Dealt to Hero [Jd 3h]
Dealt to 5fcfd50c 
Dealt to d9ef9ff4 
Dealt to 577a8b45 
Dealt to c44142ba 
Dealt to 2b4cc1df 
577a8b45: raises $0.15 to $0.25
c44142ba: folds
2b4cc1df: folds
Hero: folds
5fcfd50c: folds
d9ef9ff4: folds
Uncalled bet ($0.15) returned to 577a8b45
*** SHOWDOWN ***
577a8b45 collected $0.25 from pot
*** SUMMARY ***
Total pot $0.25 | Rake $0 | Jackpot $0 | Bingo $0 | Fortune $0
Seat 1: Hero (button) folded before Flop (didn't bet)
Seat 2: 5fcfd50c (small blind) folded before Flop
Seat 3: d9ef9ff4 (big blind) folded before Flop
Seat 4: 577a8b45 collected ($0.25)
Seat 5: c44142ba folded before Flop (didn't bet)
Seat 6: 2b4cc1df folded before Flop (didn't bet)


Poker Hand #RC1355581326: Hold'em No Limit  ($0.05/$0.1) - 2023/02/20 11:41:02
Table 'RushAndCash12776586' 6-max Seat #1 is the button
Seat 1: baf03e07 ($8.16 in chips)
Seat 2: Hero ($10.92 in chips)
Seat 3: d5de1cd0 ($10 in chips)
Seat 4: b3042eba ($4 in chips)
Seat 5: f5b1a8c0 ($10.4 in chips)
Seat 6: 85db5c4f ($13.86 in chips)
Hero: posts small blind $0.05
d5de1cd0: posts big blind $0.1
*** HOLE CARDS ***
Dealt to baf03e07 
Dealt to Hero [Jd 9d]
Dealt to d5de1cd0 
Dealt to b3042eba 
Dealt to f5b1a8c0 
Dealt to 85db5c4f 
b3042eba: folds
f5b1a8c0: folds
85db5c4f: raises $0.15 to $0.25
baf03e07: raises $0.49 to $0.74
Hero: folds
d5de1cd0: folds
85db5c4f: folds
Uncalled bet ($0.49) returned to baf03e07
*** SHOWDOWN ***
baf03e07 collected $0.62 from pot
*** SUMMARY ***
Total pot $0.65 | Rake $0.03 | Jackpot $0 | Bingo $0 | Fortune $0
Seat 1: baf03e07 (button) collected ($0.62)
Seat 2: Hero (small blind) folded before Flop
Seat 3: d5de1cd0 (big blind) folded before Flop
Seat 4: b3042eba folded before Flop (didn't bet)
Seat 5: f5b1a8c0 folded before Flop (didn't bet)
Seat 6: 85db5c4f folded before Flop


Poker Hand #RC1355581215: Hold'em No Limit  ($0.05/$0.1) - 2023/02/20 11:40:35
Table 'RushAndCash12776475' 6-max Seat #1 is the button
Seat 1: edfcd644 ($27.33 in chips)
Seat 2: Hero ($10.97 in chips)
Seat 3: c4b85a79 ($12.77 in chips)
Seat 4: a44fb43 ($77.13 in chips)
Seat 5: afd3dd96 ($15.01 in chips)
Seat 6: ef6c1179 ($10 in chips)
Hero: posts small blind $0.05
c4b85a79: posts big blind $0.1
*** HOLE CARDS ***
Dealt to edfcd644 
Dealt to Hero [9h 3d]
Dealt to c4b85a79 
Dealt to a44fb43 
Dealt to afd3dd96 
Dealt to ef6c1179 
a44fb43: raises $0.2 to $0.3
afd3dd96: folds
ef6c1179: calls $0.3
edfcd644: folds
Hero: folds
c4b85a79: folds
*** FLOP *** [As 4d 7h]
a44fb43: bets $0.38
ef6c1179: folds
Uncalled bet ($0.38) returned to a44fb43
*** SHOWDOWN ***
a44fb43 collected $0.72 from pot
*** SUMMARY ***
Total pot $0.75 | Rake $0.03 | Jackpot $0 | Bingo $0 | Fortune $0
Board [As 4d 7h]
Seat 1: edfcd644 (button) folded before Flop (didn't bet)
Seat 2: Hero (small blind) folded before Flop
Seat 3: c4b85a79 (big blind) folded before Flop
Seat 4: a44fb43 won ($0.72)
Seat 5: afd3dd96 folded before Flop (didn't bet)
Seat 6: ef6c1179 folded on the Flop


Poker Hand #RC1355581130: Hold'em No Limit  ($0.05/$0.1) - 2023/02/20 11:40:15
Table 'RushAndCash12776390' 6-max Seat #1 is the button
Seat 1: Hero ($11.22 in chips)
Seat 2: a44fb43 ($76.81 in chips)
Seat 3: 80b27a99 ($33.49 in chips)
Seat 4: 3e77cab6 ($11.11 in chips)
Seat 5: 2300777e ($32.28 in chips)
Seat 6: fb54f859 ($8.62 in chips)
a44fb43: posts small blind $0.05
80b27a99: posts big blind $0.1
*** HOLE CARDS ***
Dealt to Hero [7c Ad]
Dealt to a44fb43 
Dealt to 80b27a99 
Dealt to 3e77cab6 
Dealt to 2300777e 
Dealt to fb54f859 
3e77cab6: folds
2300777e: folds
fb54f859: folds
Hero: raises $0.15 to $0.25
a44fb43: raises $0.45 to $0.7
80b27a99: folds
Hero: folds
Uncalled bet ($0.45) returned to a44fb43
*** SHOWDOWN ***
a44fb43 collected $0.57 from pot
*** SUMMARY ***
Total pot $0.6 | Rake $0.03 | Jackpot $0 | Bingo $0 | Fortune $0
Seat 1: Hero (button) folded before Flop
Seat 2: a44fb43 (small blind) collected ($0.57)
Seat 3: 80b27a99 (big blind) folded before Flop
Seat 4: 3e77cab6 folded before Flop (didn't bet)
Seat 5: 2300777e folded before Flop (didn't bet)
Seat 6: fb54f859 folded before Flop (didn't bet)


Poker Hand #RC1355581029: Hold'em No Limit  ($0.05/$0.1) - 2023/02/20 11:39:53
Table 'RushAndCash12776289' 6-max Seat #1 is the button
Seat 1: 5363d205 ($13.43 in chips)
Seat 2: c760726f ($10.04 in chips)
Seat 3: Hero ($11.32 in chips)
Seat 4: d27250b7 ($11.5 in chips)
Seat 5: f0e656bd ($11.33 in chips)
Seat 6: c8b81814 ($5.49 in chips)
c760726f: posts small blind $0.05
Hero: posts big blind $0.1
*** HOLE CARDS ***
Dealt to 5363d205 
Dealt to c760726f 
Dealt to Hero [2c 7s]
Dealt to d27250b7 
Dealt to f0e656bd 
Dealt to c8b81814 
d27250b7: folds
f0e656bd: folds
c8b81814: folds
5363d205: raises $0.25 to $0.35
c760726f: folds
Hero: folds
Uncalled bet ($0.25) returned to 5363d205
*** SHOWDOWN ***
5363d205 collected $0.25 from pot
*** SUMMARY ***
Total pot $0.25 | Rake $0 | Jackpot $0 | Bingo $0 | Fortune $0
Seat 1: 5363d205 (button) collected ($0.25)
Seat 2: c760726f (small blind) folded before Flop
Seat 3: Hero (big blind) folded before Flop
Seat 4: d27250b7 folded before Flop (didn't bet)
Seat 5: f0e656bd folded before Flop (didn't bet)
Seat 6: c8b81814 folded before Flop (didn't bet)


Poker Hand #RC1355581009: Hold'em No Limit  ($0.05/$0.1) - 2023/02/20 11:39:48
Table 'RushAndCash12776269' 6-max Seat #1 is the button
Seat 1: 92c285ba ($10.26 in chips)
Seat 2: c2c8dcc7 ($10 in chips)
Seat 3: c652516f ($11.25 in chips)
Seat 4: e51cd5aa ($12.39 in chips)
Seat 5: Hero ($11.32 in chips)
Seat 6: c7996aac ($14.82 in chips)
c2c8dcc7: posts small blind $0.05
c652516f: posts big blind $0.1
*** HOLE CARDS ***
Dealt to 92c285ba 
Dealt to c2c8dcc7 
Dealt to c652516f 
Dealt to e51cd5aa 
Dealt to Hero [4c Js]
Dealt to c7996aac 
e51cd5aa: folds
Hero: folds
c7996aac: folds
92c285ba: raises $0.15 to $0.25
c2c8dcc7: folds
c652516f: folds
Uncalled bet ($0.15) returned to 92c285ba
*** SHOWDOWN ***
92c285ba collected $0.25 from pot
*** SUMMARY ***
Total pot $0.25 | Rake $0 | Jackpot $0 | Bingo $0 | Fortune $0
Seat 1: 92c285ba (button) collected ($0.25)
Seat 2: c2c8dcc7 (small blind) folded before Flop
Seat 3: c652516f (big blind) folded before Flop
Seat 4: e51cd5aa folded before Flop (didn't bet)
Seat 5: Hero folded before Flop (didn't bet)
Seat 6: c7996aac folded before Flop (didn't bet)


Poker Hand #RC1355580943: Hold'em No Limit  ($0.05/$0.1) - 2023/02/20 11:39:33
Table 'RushAndCash12776203' 6-max Seat #1 is the button
Seat 1: 486bf091 ($5.44 in chips)
Seat 2: 64de8da ($10 in chips)
Seat 3: 75a3c83b ($11.02 in chips)
Seat 4: dde8665a ($20.08 in chips)
Seat 5: 29970b80 ($14.99 in chips)
Seat 6: Hero ($11.32 in chips)
64de8da: posts small blind $0.05
75a3c83b: posts big blind $0.1
*** HOLE CARDS ***
Dealt to 486bf091 
Dealt to 64de8da 
Dealt to 75a3c83b 
Dealt to dde8665a 
Dealt to 29970b80 
Dealt to Hero [4d 3d]
dde8665a: folds
29970b80: folds
Hero: folds
486bf091: raises $0.15 to $0.25
64de8da: folds
75a3c83b: calls $0.15
*** FLOP *** [Ac 2h 4h]
75a3c83b: checks
486bf091: bets $0.19
75a3c83b: folds
Uncalled bet ($0.19) returned to 486bf091
*** SHOWDOWN ***
486bf091 collected $0.53 from pot
*** SUMMARY ***
Total pot $0.55 | Rake $0.02 | Jackpot $0 | Bingo $0 | Fortune $0
Board [Ac 2h 4h]
Seat 1: 486bf091 (button) won ($0.53)
Seat 2: 64de8da (small blind) folded before Flop
Seat 3: 75a3c83b (big blind) folded on the Flop
Seat 4: dde8665a folded before Flop (didn't bet)
Seat 5: 29970b80 folded before Flop (didn't bet)
Seat 6: Hero folded before Flop (didn't bet)


Poker Hand #RC1355580902: Hold'em No Limit  ($0.05/$0.1) - 2023/02/20 11:39:25
Table 'RushAndCash12776162' 6-max Seat #1 is the button
Seat 1: Hero ($11.32 in chips)
Seat 2: 577a8b45 ($11.49 in chips)
Seat 3: b3042eba ($4.29 in chips)
Seat 4: 1f655a7 ($10 in chips)
Seat 5: 88c65c85 ($10 in chips)
Seat 6: 8ac2be4a ($12.25 in chips)
577a8b45: posts small blind $0.05
b3042eba: posts big blind $0.1
*** HOLE CARDS ***
Dealt to Hero [2h 6s]
Dealt to 577a8b45 
Dealt to b3042eba 
Dealt to 1f655a7 
Dealt to 88c65c85 
Dealt to 8ac2be4a 
1f655a7: folds
88c65c85: folds
8ac2be4a: folds
Hero: folds
577a8b45: raises $0.15 to $0.25
b3042eba: calls $0.15
*** FLOP *** [Kc 9h 3h]
577a8b45: checks
b3042eba: bets $0.27
577a8b45: raises $0.67 to $0.94
b3042eba: folds
Uncalled bet ($0.67) returned to 577a8b45
*** SHOWDOWN ***
577a8b45 collected $0.99 from pot
*** SUMMARY ***
Total pot $1.04 | Rake $0.05 | Jackpot $0 | Bingo $0 | Fortune $0
Board [Kc 9h 3h]
Seat 1: Hero (button) folded before Flop (didn't bet)
Seat 2: 577a8b45 (small blind) won ($0.99)
Seat 3: b3042eba (big blind) folded on the Flop
Seat 4: 1f655a7 folded before Flop (didn't bet)
Seat 5: 88c65c85 folded before Flop (didn't bet)
Seat 6: 8ac2be4a folded before Flop (didn't bet)


Poker Hand #RC1355580862: Hold'em No Limit  ($0.05/$0.1) - 2023/02/20 11:39:17
Table 'RushAndCash12776122' 6-max Seat #1 is the button
Seat 1: ee884b1d ($10 in chips)
Seat 2: Hero ($11.37 in chips)
Seat 3: 893aee19 ($10 in chips)
Seat 4: 4dfbce84 ($12.21 in chips)
Seat 5: 12d0e541 ($10.1 in chips)
Seat 6: c5a518de ($10 in chips)
Hero: posts small blind $0.05
893aee19: posts big blind $0.1
*** HOLE CARDS ***
Dealt to ee884b1d 
Dealt to Hero [8d Ts]
Dealt to 893aee19 
Dealt to 4dfbce84 
Dealt to 12d0e541 
Dealt to c5a518de 
4dfbce84: folds
12d0e541: folds
c5a518de: folds
ee884b1d: folds
Hero: folds
Uncalled bet ($0.05) returned to 893aee19
*** SHOWDOWN ***
893aee19 collected $0.1 from pot
*** SUMMARY ***
Total pot $0.1 | Rake $0 | Jackpot $0 | Bingo $0 | Fortune $0
Seat 1: ee884b1d (button) folded before Flop (didn't bet)
Seat 2: Hero (small blind) folded before Flop
Seat 3: 893aee19 (big blind) collected ($0.1)
Seat 4: 4dfbce84 folded before Flop (didn't bet)
Seat 5: 12d0e541 folded before Flop (didn't bet)
Seat 6: c5a518de folded before Flop (didn't bet)


Poker Hand #RC1355580826: Hold'em No Limit  ($0.05/$0.1) - 2023/02/20 11:39:09
Table 'RushAndCash12776086' 6-max Seat #1 is the button
Seat 1: f7b54a0f ($10.36 in chips)
Seat 2: 680d1575 ($11.61 in chips)
Seat 3: Hero ($11.32 in chips)
Seat 4: 84079696 ($29.52 in chips)
Seat 5: d52e55e7 ($9.95 in chips)
Seat 6: 64de8da ($10 in chips)
680d1575: posts small blind $0.05
Hero: posts big blind $0.1
*** HOLE CARDS ***
Dealt to f7b54a0f 
Dealt to 680d1575 
Dealt to Hero [5c 2c]
Dealt to 84079696 
Dealt to d52e55e7 
Dealt to 64de8da 
84079696: folds
d52e55e7: folds
64de8da: folds
f7b54a0f: folds
680d1575: folds
Uncalled bet ($0.05) returned to Hero
*** SHOWDOWN ***
Hero collected $0.1 from pot
*** SUMMARY ***
Total pot $0.1 | Rake $0 | Jackpot $0 | Bingo $0 | Fortune $0
Seat 1: f7b54a0f (button) folded before Flop (didn't bet)
Seat 2: 680d1575 (small blind) folded before Flop
Seat 3: Hero (big blind) collected ($0.1)
Seat 4: 84079696 folded before Flop (didn't bet)
Seat 5: d52e55e7 folded before Flop (didn't bet)
Seat 6: 64de8da folded before Flop (didn't bet)


Poker Hand #RC1355580793: Hold'em No Limit  ($0.05/$0.1) - 2023/02/20 11:39:02
Table 'RushAndCash12776053' 6-max Seat #1 is the button
Seat 1: 504bb324 ($10 in chips)
Seat 2: 75e46f84 ($15.56 in chips)
Seat 3: 296e1343 ($11 in chips)
Seat 4: 9772c3ea ($10 in chips)
Seat 5: 714ad84c ($11.21 in chips)
Seat 6: Hero ($11.32 in chips)
75e46f84: posts small blind $0.05
296e1343: posts big blind $0.1
*** HOLE CARDS ***
Dealt to 504bb324 
Dealt to 75e46f84 
Dealt to 296e1343 
Dealt to 9772c3ea 
Dealt to 714ad84c 
Dealt to Hero [2c 7s]
9772c3ea: folds
714ad84c: folds
Hero: folds
504bb324: folds
75e46f84: folds
Uncalled bet ($0.05) returned to 296e1343
*** SHOWDOWN ***
296e1343 collected $0.1 from pot
*** SUMMARY ***
Total pot $0.1 | Rake $0 | Jackpot $0 | Bingo $0 | Fortune $0
Seat 1: 504bb324 (button) folded before Flop (didn't bet)
Seat 2: 75e46f84 (small blind) folded before Flop
Seat 3: 296e1343 (big blind) collected ($0.1)
Seat 4: 9772c3ea folded before Flop (didn't bet)
Seat 5: 714ad84c folded before Flop (didn't bet)
Seat 6: Hero folded before Flop (didn't bet)


Poker Hand #RC1355580737: Hold'em No Limit  ($0.05/$0.1) - 2023/02/20 11:38:48
Table 'RushAndCash12775997' 6-max Seat #1 is the button
Seat 1: d079ab9a ($10.75 in chips)
Seat 2: 80944aca ($17.77 in chips)
Seat 3: a55a0186 ($10 in chips)
Seat 4: Hero ($11.32 in chips)
Seat 5: d7fcce4c ($17.17 in chips)
Seat 6: c00db676 ($10.49 in chips)
80944aca: posts small blind $0.05
a55a0186: posts big blind $0.1
*** HOLE CARDS ***
Dealt to d079ab9a 
Dealt to 80944aca 
Dealt to a55a0186 
Dealt to Hero [Qd 5s]
Dealt to d7fcce4c 
Dealt to c00db676 
Hero: folds
d7fcce4c: folds
c00db676: folds
d079ab9a: folds
80944aca: folds
Uncalled bet ($0.05) returned to a55a0186
*** SHOWDOWN ***
a55a0186 collected $0.1 from pot
*** SUMMARY ***
Total pot $0.1 | Rake $0 | Jackpot $0 | Bingo $0 | Fortune $0
Seat 1: d079ab9a (button) folded before Flop (didn't bet)
Seat 2: 80944aca (small blind) folded before Flop
Seat 3: a55a0186 (big blind) collected ($0.1)
Seat 4: Hero folded before Flop (didn't bet)
Seat 5: d7fcce4c folded before Flop (didn't bet)
Seat 6: c00db676 folded before Flop (didn't bet)


Poker Hand #RC1355580677: Hold'em No Limit  ($0.05/$0.1) - 2023/02/20 11:38:33
Table 'RushAndCash12775937' 6-max Seat #1 is the button
Seat 1: c65b009b ($10.99 in chips)
Seat 2: b346722c ($15.65 in chips)
Seat 3: Hero ($11.27 in chips)
Seat 4: 538d3bdc ($10.94 in chips)
Seat 5: b936b6ff ($10 in chips)
Seat 6: c7778375 ($22.67 in chips)
b346722c: posts small blind $0.05
Hero: posts big blind $0.1
*** HOLE CARDS ***
Dealt to c65b009b 
Dealt to b346722c 
Dealt to Hero [Kd 5s]
Dealt to 538d3bdc 
Dealt to b936b6ff 
Dealt to c7778375 
538d3bdc: folds
b936b6ff: folds
c7778375: folds
c65b009b: folds
b346722c: folds
Uncalled bet ($0.05) returned to Hero
*** SHOWDOWN ***
Hero collected $0.1 from pot
*** SUMMARY ***
Total pot $0.1 | Rake $0 | Jackpot $0 | Bingo $0 | Fortune $0
Seat 1: c65b009b (button) folded before Flop (didn't bet)
Seat 2: b346722c (small blind) folded before Flop
Seat 3: Hero (big blind) collected ($0.1)
Seat 4: 538d3bdc folded before Flop (didn't bet)
Seat 5: b936b6ff folded before Flop (didn't bet)
Seat 6: c7778375 folded before Flop (didn't bet)


Poker Hand #RC1355580639: Hold'em No Limit  ($0.05/$0.1) - 2023/02/20 11:38:23
Table 'RushAndCash12775899' 6-max Seat #1 is the button
Seat 1: 682d6d30 ($11.01 in chips)
Seat 2: 9b9371bc ($16.43 in chips)
Seat 3: d4ec3fd0 ($10 in chips)
Seat 4: 69ef0707 ($11.77 in chips)
Seat 5: 59e35fe1 ($10.21 in chips)
Seat 6: Hero ($11.27 in chips)
9b9371bc: posts small blind $0.05
d4ec3fd0: posts big blind $0.1
*** HOLE CARDS ***
Dealt to 682d6d30 
Dealt to 9b9371bc 
Dealt to d4ec3fd0 
Dealt to 69ef0707 
Dealt to 59e35fe1 
Dealt to Hero [4h Td]
69ef0707: folds
59e35fe1: raises $0.15 to $0.25
Hero: folds
682d6d30: raises $0.5 to $0.75
9b9371bc: folds
d4ec3fd0: folds
59e35fe1: calls $0.5
*** FLOP *** [3s 6s 7h]
59e35fe1: checks
682d6d30: bets $0.9
59e35fe1: raises $2.15 to $3.05
682d6d30: folds
Uncalled bet ($2.15) returned to 59e35fe1
*** SHOWDOWN ***
59e35fe1 collected $3.14 from pot
*** SUMMARY ***
Total pot $3.45 | Rake $0.16 | Jackpot $0.15 | Bingo $0 | Fortune $0
Board [3s 6s 7h]
Seat 1: 682d6d30 (button) folded on the Flop
Seat 2: 9b9371bc (small blind) folded before Flop
Seat 3: d4ec3fd0 (big blind) folded before Flop
Seat 4: 69ef0707 folded before Flop (didn't bet)
Seat 5: 59e35fe1 won ($3.14)
Seat 6: Hero folded before Flop (didn't bet)


Poker Hand #RC1355580602: Hold'em No Limit  ($0.05/$0.1) - 2023/02/20 11:38:15
Table 'RushAndCash12775862' 6-max Seat #1 is the button
Seat 1: Hero ($11.27 in chips)
Seat 2: d27250b7 ($11.67 in chips)
Seat 3: 6a175754 ($11.98 in chips)
Seat 4: 5363d205 ($13.5 in chips)
Seat 5: 3f6cc007 ($13.93 in chips)
Seat 6: 730c6615 ($6.49 in chips)
d27250b7: posts small blind $0.05
6a175754: posts big blind $0.1
*** HOLE CARDS ***
Dealt to Hero [6c 5d]
Dealt to d27250b7 
Dealt to 6a175754 
Dealt to 5363d205 
Dealt to 3f6cc007 
Dealt to 730c6615 
5363d205: raises $0.25 to $0.35
3f6cc007: folds
730c6615: calls $0.35
Hero: folds
d27250b7: folds
6a175754: folds
*** FLOP *** [7c 4s Ac]
5363d205: bets $0.43
730c6615: raises $0.86 to $1.29
5363d205: folds
Uncalled bet ($0.86) returned to 730c6615
*** SHOWDOWN ***
730c6615 collected $1.63 from pot
*** SUMMARY ***
Total pot $1.71 | Rake $0.08 | Jackpot $0 | Bingo $0 | Fortune $0
Board [7c 4s Ac]
Seat 1: Hero (button) folded before Flop (didn't bet)
Seat 2: d27250b7 (small blind) folded before Flop
Seat 3: 6a175754 (big blind) folded before Flop
Seat 4: 5363d205 folded on the Flop
Seat 5: 3f6cc007 folded before Flop (didn't bet)
Seat 6: 730c6615 won ($1.63)


Poker Hand #RC1355580570: Hold'em No Limit  ($0.05/$0.1) - 2023/02/20 11:38:07
Table 'RushAndCash12775830' 6-max Seat #1 is the button
Seat 1: 1ee83791 ($10.32 in chips)
Seat 2: fc393c40 ($11.91 in chips)
Seat 3: ecb4396f ($12 in chips)
Seat 4: d27250b7 ($11.67 in chips)
Seat 5: Hero ($11.27 in chips)
Seat 6: d7146f83 ($10.15 in chips)
fc393c40: posts small blind $0.05
ecb4396f: posts big blind $0.1
*** HOLE CARDS ***
Dealt to 1ee83791 
Dealt to fc393c40 
Dealt to ecb4396f 
Dealt to d27250b7 
Dealt to Hero [3d Kh]
Dealt to d7146f83 
d27250b7: folds
Hero: folds
d7146f83: raises $0.15 to $0.25
1ee83791: folds
fc393c40: folds
ecb4396f: folds
Uncalled bet ($0.15) returned to d7146f83
*** SHOWDOWN ***
d7146f83 collected $0.25 from pot
*** SUMMARY ***
Total pot $0.25 | Rake $0 | Jackpot $0 | Bingo $0 | Fortune $0
Seat 1: 1ee83791 (button) folded before Flop (didn't bet)
Seat 2: fc393c40 (small blind) folded before Flop
Seat 3: ecb4396f (big blind) folded before Flop
Seat 4: d27250b7 folded before Flop (didn't bet)
Seat 5: Hero folded before Flop (didn't bet)
Seat 6: d7146f83 collected ($0.25)


Poker Hand #RC1355580533: Hold'em No Limit  ($0.05/$0.1) - 2023/02/20 11:37:59
Table 'RushAndCash12775793' 6-max Seat #1 is the button
Seat 1: fa8e7a96 ($9.08 in chips)
Seat 2: Hero ($11.32 in chips)
Seat 3: 4c27045d ($11.2 in chips)
Seat 4: ce318669 ($3.83 in chips)
Seat 5: dd182f6d ($11.09 in chips)
Seat 6: 70f43646 ($17.92 in chips)
Hero: posts small blind $0.05
4c27045d: posts big blind $0.1
*** HOLE CARDS ***
Dealt to fa8e7a96 
Dealt to Hero [8c 5d]
Dealt to 4c27045d 
Dealt to ce318669 
Dealt to dd182f6d 
Dealt to 70f43646 
ce318669: calls $0.1
dd182f6d: folds
70f43646: folds
fa8e7a96: folds
Hero: folds
4c27045d: checks
*** FLOP *** [8s Ts Kh]
4c27045d: checks
ce318669: checks
*** TURN *** [8s Ts Kh] [7s]
4c27045d: checks
ce318669: bets $0.19
4c27045d: folds
Uncalled bet ($0.19) returned to ce318669
*** SHOWDOWN ***
ce318669 collected $0.24 from pot
*** SUMMARY ***
Total pot $0.25 | Rake $0.01 | Jackpot $0 | Bingo $0 | Fortune $0
Board [8s Ts Kh 7s]
Seat 1: fa8e7a96 (button) folded before Flop (didn't bet)
Seat 2: Hero (small blind) folded before Flop
Seat 3: 4c27045d (big blind) folded on the Turn
Seat 4: ce318669 won ($0.24)
Seat 5: dd182f6d folded before Flop (didn't bet)
Seat 6: 70f43646 folded before Flop (didn't bet)


Poker Hand #RC1355580229: Hold'em No Limit  ($0.05/$0.1) - 2023/02/20 11:36:47
Table 'RushAndCash12775489' 6-max Seat #1 is the button
Seat 1: 843f062b ($10.3 in chips)
Seat 2: 5a8033a2 ($11.9 in chips)
Seat 3: 96ae0933 ($11.18 in chips)
Seat 4: ce318669 ($2.85 in chips)
Seat 5: Hero ($12 in chips)
Seat 6: 5a678b8f ($4.43 in chips)
5a8033a2: posts small blind $0.05
96ae0933: posts big blind $0.1
*** HOLE CARDS ***
Dealt to 843f062b 
Dealt to 5a8033a2 
Dealt to 96ae0933 
Dealt to ce318669 
Dealt to Hero [8c 8d]
Dealt to 5a678b8f 
ce318669: calls $0.1
Hero: raises $0.23 to $0.33
5a678b8f: folds
843f062b: folds
5a8033a2: folds
96ae0933: calls $0.23
ce318669: calls $0.23
*** FLOP *** [9c 5c 5d]
96ae0933: checks
ce318669: bets $0.35
Hero: calls $0.35
96ae0933: folds
*** TURN *** [9c 5c 5d] [Qd]
ce318669: checks
Hero: checks
*** RIVER *** [9c 5c 5d Qd] [Ac]
ce318669: bets $1.31
Hero: folds
Uncalled bet ($1.31) returned to ce318669
*** SHOWDOWN ***
ce318669 collected $1.66 from pot
*** SUMMARY ***
Total pot $1.74 | Rake $0.08 | Jackpot $0 | Bingo $0 | Fortune $0
Board [9c 5c 5d Qd Ac]
Seat 1: 843f062b (button) folded before Flop (didn't bet)
Seat 2: 5a8033a2 (small blind) folded before Flop
Seat 3: 96ae0933 (big blind) folded on the Flop
Seat 4: ce318669 won ($1.66)
Seat 5: Hero folded on the River
Seat 6: 5a678b8f folded before Flop (didn't bet)


Poker Hand #RC1355580197: Hold'em No Limit  ($0.05/$0.1) - 2023/02/20 11:36:41
Table 'RushAndCash12775457' 6-max Seat #1 is the button
Seat 1: 98bd588b ($1.76 in chips)
Seat 2: Hero ($12.05 in chips)
Seat 3: a9856b7b ($12.38 in chips)
Seat 4: 817010ae ($9.56 in chips)
Seat 5: 85db5c4f ($13.15 in chips)
Seat 6: 66d69d47 ($15.96 in chips)
Hero: posts small blind $0.05
a9856b7b: posts big blind $0.1
*** HOLE CARDS ***
Dealt to 98bd588b 
Dealt to Hero [7s Qd]
Dealt to a9856b7b 
Dealt to 817010ae 
Dealt to 85db5c4f 
Dealt to 66d69d47 
817010ae: folds
85db5c4f: raises $0.15 to $0.25
66d69d47: folds
98bd588b: folds
Hero: folds
a9856b7b: folds
Uncalled bet ($0.15) returned to 85db5c4f
*** SHOWDOWN ***
85db5c4f collected $0.25 from pot
*** SUMMARY ***
Total pot $0.25 | Rake $0 | Jackpot $0 | Bingo $0 | Fortune $0
Seat 1: 98bd588b (button) folded before Flop (didn't bet)
Seat 2: Hero (small blind) folded before Flop
Seat 3: a9856b7b (big blind) folded before Flop
Seat 4: 817010ae folded before Flop (didn't bet)
Seat 5: 85db5c4f collected ($0.25)
Seat 6: 66d69d47 folded before Flop (didn't bet)


Poker Hand #RC1355580174: Hold'em No Limit  ($0.05/$0.1) - 2023/02/20 11:36:37
Table 'RushAndCash12775434' 6-max Seat #1 is the button
Seat 1: afd3dd96 ($14.32 in chips)
Seat 2: b936b6ff ($10 in chips)
Seat 3: 3c4df0d2 ($10.72 in chips)
Seat 4: d52e55e7 ($12.76 in chips)
Seat 5: 1d0ec72c ($13.71 in chips)
Seat 6: Hero ($12.05 in chips)
b936b6ff: posts small blind $0.05
3c4df0d2: posts big blind $0.1
*** HOLE CARDS ***
Dealt to afd3dd96 
Dealt to b936b6ff 
Dealt to 3c4df0d2 
Dealt to d52e55e7 
Dealt to 1d0ec72c 
Dealt to Hero [4s 9s]
d52e55e7: folds
1d0ec72c: folds
Hero: folds
afd3dd96: folds
b936b6ff: folds
Uncalled bet ($0.05) returned to 3c4df0d2
*** SHOWDOWN ***
3c4df0d2 collected $0.1 from pot
*** SUMMARY ***
Total pot $0.1 | Rake $0 | Jackpot $0 | Bingo $0 | Fortune $0
Seat 1: afd3dd96 (button) folded before Flop (didn't bet)
Seat 2: b936b6ff (small blind) folded before Flop
Seat 3: 3c4df0d2 (big blind) collected ($0.1)
Seat 4: d52e55e7 folded before Flop (didn't bet)
Seat 5: 1d0ec72c folded before Flop (didn't bet)
Seat 6: Hero folded before Flop (didn't bet)


Poker Hand #RC1355580105: Hold'em No Limit  ($0.05/$0.1) - 2023/02/20 11:36:21
Table 'RushAndCash12775365' 6-max Seat #1 is the button
Seat 1: 76d75562 ($27.78 in chips)
Seat 2: 88f8842e ($26.61 in chips)
Seat 3: Hero ($12.15 in chips)
Seat 4: c00db676 ($11.54 in chips)
Seat 5: 40e6ce4e ($10.99 in chips)
Seat 6: d9f13f1a ($10 in chips)
88f8842e: posts small blind $0.05
Hero: posts big blind $0.1
*** HOLE CARDS ***
Dealt to 76d75562 
Dealt to 88f8842e 
Dealt to Hero [5d 4d]
Dealt to c00db676 
Dealt to 40e6ce4e 
Dealt to d9f13f1a 
c00db676: folds
40e6ce4e: folds
d9f13f1a: raises $0.15 to $0.25
76d75562: raises $0.49 to $0.74
88f8842e: folds
Hero: folds
d9f13f1a: folds
Uncalled bet ($0.49) returned to 76d75562
*** SHOWDOWN ***
76d75562 collected $0.62 from pot
*** SUMMARY ***
Total pot $0.65 | Rake $0.03 | Jackpot $0 | Bingo $0 | Fortune $0
Seat 1: 76d75562 (button) collected ($0.62)
Seat 2: 88f8842e (small blind) folded before Flop
Seat 3: Hero (big blind) folded before Flop
Seat 4: c00db676 folded before Flop (didn't bet)
Seat 5: 40e6ce4e folded before Flop (didn't bet)
Seat 6: d9f13f1a folded before Flop


Poker Hand #RC1355580021: Hold'em No Limit  ($0.05/$0.1) - 2023/02/20 11:36:03
Table 'RushAndCash12775281' 6-max Seat #1 is the button
Seat 1: a9e8564a ($22.74 in chips)
Seat 2: 6a175754 ($11.19 in chips)
Seat 3: 99979373 ($12.85 in chips)
Seat 4: f33836bd ($9.85 in chips)
Seat 5: e3d8fe88 ($23.02 in chips)
Seat 6: Hero ($12 in chips)
6a175754: posts small blind $0.05
99979373: posts big blind $0.1
*** HOLE CARDS ***
Dealt to a9e8564a 
Dealt to 6a175754 
Dealt to 99979373 
Dealt to f33836bd 
Dealt to e3d8fe88 
Dealt to Hero [Qh Qs]
f33836bd: folds
e3d8fe88: folds
Hero: raises $0.15 to $0.25
a9e8564a: folds
6a175754: folds
99979373: folds
Uncalled bet ($0.15) returned to Hero
*** SHOWDOWN ***
Hero collected $0.25 from pot
*** SUMMARY ***
Total pot $0.25 | Rake $0 | Jackpot $0 | Bingo $0 | Fortune $0
Seat 1: a9e8564a (button) folded before Flop (didn't bet)
Seat 2: 6a175754 (small blind) folded before Flop
Seat 3: 99979373 (big blind) folded before Flop
Seat 4: f33836bd folded before Flop (didn't bet)
Seat 5: e3d8fe88 folded before Flop (didn't bet)
Seat 6: Hero collected ($0.25)


Poker Hand #RC1355579980: Hold'em No Limit  ($0.05/$0.1) - 2023/02/20 11:35:53
Table 'RushAndCash12775240' 6-max Seat #1 is the button
Seat 1: 3e57b2f3 ($13.93 in chips)
Seat 2: 486bf091 ($7.5 in chips)
Seat 3: b6df1dcd ($8.46 in chips)
Seat 4: 2677f146 ($10 in chips)
Seat 5: 70f43646 ($15.82 in chips)
Seat 6: Hero ($11.85 in chips)
486bf091: posts small blind $0.05
b6df1dcd: posts big blind $0.1
*** HOLE CARDS ***
Dealt to 3e57b2f3 
Dealt to 486bf091 
Dealt to b6df1dcd 
Dealt to 2677f146 
Dealt to 70f43646 
Dealt to Hero [Kh Ac]
2677f146: folds
70f43646: folds
Hero: raises $0.15 to $0.25
3e57b2f3: folds
486bf091: folds
b6df1dcd: folds
Uncalled bet ($0.15) returned to Hero
*** SHOWDOWN ***
Hero collected $0.25 from pot
*** SUMMARY ***
Total pot $0.25 | Rake $0 | Jackpot $0 | Bingo $0 | Fortune $0
Seat 1: 3e57b2f3 (button) folded before Flop (didn't bet)
Seat 2: 486bf091 (small blind) folded before Flop
Seat 3: b6df1dcd (big blind) folded before Flop
Seat 4: 2677f146 folded before Flop (didn't bet)
Seat 5: 70f43646 folded before Flop (didn't bet)
Seat 6: Hero collected ($0.25)


Poker Hand #RC1355579946: Hold'em No Limit  ($0.05/$0.1) - 2023/02/20 11:35:46
Table 'RushAndCash12775206' 6-max Seat #1 is the button
Seat 1: d4695305 ($47.22 in chips)
Seat 2: cdf70e91 ($10.35 in chips)
Seat 3: f78b92a4 ($13.14 in chips)
Seat 4: f8aca80a ($10 in chips)
Seat 5: Hero ($11.85 in chips)
Seat 6: 91c3cd2a ($10.47 in chips)
cdf70e91: posts small blind $0.05
f78b92a4: posts big blind $0.1
*** HOLE CARDS ***
Dealt to d4695305 
Dealt to cdf70e91 
Dealt to f78b92a4 
Dealt to f8aca80a 
Dealt to Hero [4h Kc]
Dealt to 91c3cd2a 
f8aca80a: folds
Hero: folds
91c3cd2a: raises $0.15 to $0.25
d4695305: folds
cdf70e91: folds
f78b92a4: folds
Uncalled bet ($0.15) returned to 91c3cd2a
*** SHOWDOWN ***
91c3cd2a collected $0.25 from pot
*** SUMMARY ***
Total pot $0.25 | Rake $0 | Jackpot $0 | Bingo $0 | Fortune $0
Seat 1: d4695305 (button) folded before Flop (didn't bet)
Seat 2: cdf70e91 (small blind) folded before Flop
Seat 3: f78b92a4 (big blind) folded before Flop
Seat 4: f8aca80a folded before Flop (didn't bet)
Seat 5: Hero folded before Flop (didn't bet)
Seat 6: 91c3cd2a collected ($0.25)


Poker Hand #RC1355579884: Hold'em No Limit  ($0.05/$0.1) - 2023/02/20 11:35:33
Table 'RushAndCash12775144' 6-max Seat #1 is the button
Seat 1: Hero ($11.85 in chips)
Seat 2: ec6da9c2 ($22.44 in chips)
Seat 3: 8bd6ad19 ($11.05 in chips)
Seat 4: ab9f295a ($11.88 in chips)
Seat 5: ebc75d98 ($10.78 in chips)
Seat 6: aa5d436d ($11.18 in chips)
ec6da9c2: posts small blind $0.05
8bd6ad19: posts big blind $0.1
*** HOLE CARDS ***
Dealt to Hero [Qd Jc]
Dealt to ec6da9c2 
Dealt to 8bd6ad19 
Dealt to ab9f295a 
Dealt to ebc75d98 
Dealt to aa5d436d 
ab9f295a: folds
ebc75d98: folds
aa5d436d: raises $0.18 to $0.28
Hero: folds
ec6da9c2: folds
8bd6ad19: folds
Uncalled bet ($0.18) returned to aa5d436d
*** SHOWDOWN ***
aa5d436d collected $0.25 from pot
*** SUMMARY ***
Total pot $0.25 | Rake $0 | Jackpot $0 | Bingo $0 | Fortune $0
Seat 1: Hero (button) folded before Flop (didn't bet)
Seat 2: ec6da9c2 (small blind) folded before Flop
Seat 3: 8bd6ad19 (big blind) folded before Flop
Seat 4: ab9f295a folded before Flop (didn't bet)
Seat 5: ebc75d98 folded before Flop (didn't bet)
Seat 6: aa5d436d collected ($0.25)


Poker Hand #RC1355579845: Hold'em No Limit  ($0.05/$0.1) - 2023/02/20 11:35:26
Table 'RushAndCash12775105' 6-max Seat #1 is the button
Seat 1: 486bf091 ($7.6 in chips)
Seat 2: 9bada917 ($10.05 in chips)
Seat 3: 64de8da ($10 in chips)
Seat 4: 2a0d7f00 ($6.17 in chips)
Seat 5: 73d974c ($10 in chips)
Seat 6: Hero ($11.85 in chips)
9bada917: posts small blind $0.05
64de8da: posts big blind $0.1
*** HOLE CARDS ***
Dealt to 486bf091 
Dealt to 9bada917 
Dealt to 64de8da 
Dealt to 2a0d7f00 
Dealt to 73d974c 
Dealt to Hero [7d 6c]
2a0d7f00: folds
73d974c: raises $0.15 to $0.25
Hero: folds
486bf091: folds
9bada917: folds
64de8da: calls $0.15
*** FLOP *** [Ah 6d 5c]
64de8da: checks
73d974c: checks
*** TURN *** [Ah 6d 5c] [As]
64de8da: checks
73d974c: checks
*** RIVER *** [Ah 6d 5c As] [7h]
64de8da: checks
73d974c: checks
64de8da: shows [Kc Qh] (Pair of Aces)
73d974c: shows [Js 9s] (Pair of Aces)
*** SHOWDOWN ***
64de8da collected $0.53 from pot
*** SUMMARY ***
Total pot $0.55 | Rake $0.02 | Jackpot $0 | Bingo $0 | Fortune $0
Board [Ah 6d 5c As 7h]
Seat 1: 486bf091 (button) folded before Flop (didn't bet)
Seat 2: 9bada917 (small blind) folded before Flop
Seat 3: 64de8da (big blind) showed [Kc Qh] and won ($0.53) with Pair of Aces
Seat 4: 2a0d7f00 folded before Flop (didn't bet)
Seat 5: 73d974c showed [Js 9s] and lost with Pair of Aces
Seat 6: Hero folded before Flop (didn't bet)


Poker Hand #RC1355579802: Hold'em No Limit  ($0.05/$0.1) - 2023/02/20 11:35:17
Table 'RushAndCash12775062' 6-max Seat #1 is the button
Seat 1: 7c2b5cbb ($11.27 in chips)
Seat 2: 875ad255 ($44.92 in chips)
Seat 3: Hero ($11.95 in chips)
Seat 4: e6532be ($10 in chips)
Seat 5: b15c300d ($10.53 in chips)
Seat 6: d27250b7 ($11.82 in chips)
875ad255: posts small blind $0.05
Hero: posts big blind $0.1
*** HOLE CARDS ***
Dealt to 7c2b5cbb 
Dealt to 875ad255 
Dealt to Hero [8c 9h]
Dealt to e6532be 
Dealt to b15c300d 
Dealt to d27250b7 
e6532be: raises $0.15 to $0.25
b15c300d: folds
d27250b7: folds
7c2b5cbb: folds
875ad255: folds
Hero: folds
Uncalled bet ($0.15) returned to e6532be
*** SHOWDOWN ***
e6532be collected $0.25 from pot
*** SUMMARY ***
Total pot $0.25 | Rake $0 | Jackpot $0 | Bingo $0 | Fortune $0
Seat 1: 7c2b5cbb (button) folded before Flop (didn't bet)
Seat 2: 875ad255 (small blind) folded before Flop
Seat 3: Hero (big blind) folded before Flop
Seat 4: e6532be collected ($0.25)
Seat 5: b15c300d folded before Flop (didn't bet)
Seat 6: d27250b7 folded before Flop (didn't bet)


Poker Hand #RC1355579626: Hold'em No Limit  ($0.05/$0.1) - 2023/02/20 11:34:39
Table 'RushAndCash12774886' 6-max Seat #1 is the button
Seat 1: 2e03d75a ($9.55 in chips)
Seat 2: Hero ($12.19 in chips)
Seat 3: c4031e2c ($5.09 in chips)
Seat 4: 1d0ec72c ($14.59 in chips)
Seat 5: e3d8fe88 ($23.02 in chips)
Seat 6: 875ad255 ($44.6 in chips)
Hero: posts small blind $0.05
c4031e2c: posts big blind $0.1
*** HOLE CARDS ***
Dealt to 2e03d75a 
Dealt to Hero [6s 6c]
Dealt to c4031e2c 
Dealt to 1d0ec72c 
Dealt to e3d8fe88 
Dealt to 875ad255 
1d0ec72c: folds
e3d8fe88: folds
875ad255: raises $0.14 to $0.24
2e03d75a: folds
Hero: calls $0.19
c4031e2c: folds
*** FLOP *** [5h Qc Th]
Hero: checks
875ad255: bets $0.29
Hero: folds
Uncalled bet ($0.29) returned to 875ad255
*** SHOWDOWN ***
875ad255 collected $0.56 from pot
*** SUMMARY ***
Total pot $0.58 | Rake $0.02 | Jackpot $0 | Bingo $0 | Fortune $0
Board [5h Qc Th]
Seat 1: 2e03d75a (button) folded before Flop (didn't bet)
Seat 2: Hero (small blind) folded on the Flop
Seat 3: c4031e2c (big blind) folded before Flop
Seat 4: 1d0ec72c folded before Flop (didn't bet)
Seat 5: e3d8fe88 folded before Flop (didn't bet)
Seat 6: 875ad255 won ($0.56)


Poker Hand #RC1355579520: Hold'em No Limit  ($0.05/$0.1) - 2023/02/20 11:34:18
Table 'RushAndCash12774780' 6-max Seat #1 is the button
Seat 1: Hero ($12.44 in chips)
Seat 2: c4031e2c ($4.77 in chips)
Seat 3: 6bd53d63 ($11.18 in chips)
Seat 4: a8be198f ($10.45 in chips)
Seat 5: cccc7c65 ($12.25 in chips)
Seat 6: 92c285ba ($10.15 in chips)
c4031e2c: posts small blind $0.05
6bd53d63: posts big blind $0.1
*** HOLE CARDS ***
Dealt to Hero [Kc 9s]
Dealt to c4031e2c 
Dealt to 6bd53d63 
Dealt to a8be198f 
Dealt to cccc7c65 
Dealt to 92c285ba 
a8be198f: folds
cccc7c65: folds
92c285ba: folds
Hero: raises $0.15 to $0.25
c4031e2c: raises $0.6 to $0.85
6bd53d63: folds
Hero: folds
Uncalled bet ($0.6) returned to c4031e2c
*** SHOWDOWN ***
c4031e2c collected $0.57 from pot
*** SUMMARY ***
Total pot $0.6 | Rake $0.03 | Jackpot $0 | Bingo $0 | Fortune $0
Seat 1: Hero (button) folded before Flop
Seat 2: c4031e2c (small blind) collected ($0.57)
Seat 3: 6bd53d63 (big blind) folded before Flop
Seat 4: a8be198f folded before Flop (didn't bet)
Seat 5: cccc7c65 folded before Flop (didn't bet)
Seat 6: 92c285ba folded before Flop (didn't bet)


Poker Hand #RC1355579482: Hold'em No Limit  ($0.05/$0.1) - 2023/02/20 11:34:10
Table 'RushAndCash12774742' 6-max Seat #1 is the button
Seat 1: 486bf091 ($8.7 in chips)
Seat 2: b3042eba ($4 in chips)
Seat 3: b6df1dcd ($8.86 in chips)
Seat 4: 3c4df0d2 ($11.21 in chips)
Seat 5: Hero ($12.44 in chips)
Seat 6: a2d92c46 ($11.39 in chips)
b3042eba: posts small blind $0.05
b6df1dcd: posts big blind $0.1
*** HOLE CARDS ***
Dealt to 486bf091 
Dealt to b3042eba 
Dealt to b6df1dcd 
Dealt to 3c4df0d2 
Dealt to Hero [8c Tc]
Dealt to a2d92c46 
3c4df0d2: folds
Hero: folds
a2d92c46: raises $0.15 to $0.25
486bf091: folds
b3042eba: folds
b6df1dcd: folds
Uncalled bet ($0.15) returned to a2d92c46
*** SHOWDOWN ***
a2d92c46 collected $0.25 from pot
*** SUMMARY ***
Total pot $0.25 | Rake $0 | Jackpot $0 | Bingo $0 | Fortune $0
Seat 1: 486bf091 (button) folded before Flop (didn't bet)
Seat 2: b3042eba (small blind) folded before Flop
Seat 3: b6df1dcd (big blind) folded before Flop
Seat 4: 3c4df0d2 folded before Flop (didn't bet)
Seat 5: Hero folded before Flop (didn't bet)
Seat 6: a2d92c46 collected ($0.25)


Poker Hand #RC1355579458: Hold'em No Limit  ($0.05/$0.1) - 2023/02/20 11:34:06
Table 'RushAndCash12774718' 6-max Seat #1 is the button
Seat 1: dd182f6d ($11 in chips)
Seat 2: a36e6393 ($10.37 in chips)
Seat 3: bd9dfa1e ($10 in chips)
Seat 4: 875ad255 ($44.7 in chips)
Seat 5: 46b078a3 ($10 in chips)
Seat 6: Hero ($12.44 in chips)
a36e6393: posts small blind $0.05
bd9dfa1e: posts big blind $0.1
*** HOLE CARDS ***
Dealt to dd182f6d 
Dealt to a36e6393 
Dealt to bd9dfa1e 
Dealt to 875ad255 
Dealt to 46b078a3 
Dealt to Hero [Qd 3h]
875ad255: folds
46b078a3: folds
Hero: folds
dd182f6d: raises $0.15 to $0.25
a36e6393: folds
bd9dfa1e: folds
Uncalled bet ($0.15) returned to dd182f6d
*** SHOWDOWN ***
dd182f6d collected $0.25 from pot
*** SUMMARY ***
Total pot $0.25 | Rake $0 | Jackpot $0 | Bingo $0 | Fortune $0
Seat 1: dd182f6d (button) collected ($0.25)
Seat 2: a36e6393 (small blind) folded before Flop
Seat 3: bd9dfa1e (big blind) folded before Flop
Seat 4: 875ad255 folded before Flop (didn't bet)
Seat 5: 46b078a3 folded before Flop (didn't bet)
Seat 6: Hero folded before Flop (didn't bet)


Poker Hand #RC1355579404: Hold'em No Limit  ($0.05/$0.1) - 2023/02/20 11:33:52
Table 'RushAndCash12774664' 6-max Seat #1 is the button
Seat 1: f541e1f7 ($14.03 in chips)
Seat 2: 88d8fc6b ($19.39 in chips)
Seat 3: Hero ($12.39 in chips)
Seat 4: 1f56d99b ($10 in chips)
Seat 5: 682d6d30 ($10.83 in chips)
Seat 6: 14b88b07 ($11.71 in chips)
88d8fc6b: posts small blind $0.05
Hero: posts big blind $0.1
*** HOLE CARDS ***
Dealt to f541e1f7 
Dealt to 88d8fc6b 
Dealt to Hero [6c 9h]
Dealt to 1f56d99b 
Dealt to 682d6d30 
Dealt to 14b88b07 
1f56d99b: folds
682d6d30: folds
14b88b07: folds
f541e1f7: folds
88d8fc6b: folds
Uncalled bet ($0.05) returned to Hero
*** SHOWDOWN ***
Hero collected $0.1 from pot
*** SUMMARY ***
Total pot $0.1 | Rake $0 | Jackpot $0 | Bingo $0 | Fortune $0
Seat 1: f541e1f7 (button) folded before Flop (didn't bet)
Seat 2: 88d8fc6b (small blind) folded before Flop
Seat 3: Hero (big blind) collected ($0.1)
Seat 4: 1f56d99b folded before Flop (didn't bet)
Seat 5: 682d6d30 folded before Flop (didn't bet)
Seat 6: 14b88b07 folded before Flop (didn't bet)


Poker Hand #RC1355579387: Hold'em No Limit  ($0.05/$0.1) - 2023/02/20 11:33:48
Table 'RushAndCash12774647' 6-max Seat #1 is the button
Seat 1: 72093c61 ($31.88 in chips)
Seat 2: Hero ($12.44 in chips)
Seat 3: 1d1067c2 ($10.33 in chips)
Seat 4: ed68f3b6 ($5.09 in chips)
Seat 5: d2b3d8c9 ($17.14 in chips)
Seat 6: 33c03725 ($16.96 in chips)
Hero: posts small blind $0.05
1d1067c2: posts big blind $0.1
*** HOLE CARDS ***
Dealt to 72093c61 
Dealt to Hero [Kc 4h]
Dealt to 1d1067c2 
Dealt to ed68f3b6 
Dealt to d2b3d8c9 
Dealt to 33c03725 
ed68f3b6: raises $0.15 to $0.25
d2b3d8c9: folds
33c03725: folds
72093c61: folds
Hero: folds
1d1067c2: calls $0.15
*** FLOP *** [Ad Ks 3d]
1d1067c2: checks
ed68f3b6: bets $0.19
1d1067c2: folds
Uncalled bet ($0.19) returned to ed68f3b6
*** SHOWDOWN ***
ed68f3b6 collected $0.53 from pot
*** SUMMARY ***
Total pot $0.55 | Rake $0.02 | Jackpot $0 | Bingo $0 | Fortune $0
Board [Ad Ks 3d]
Seat 1: 72093c61 (button) folded before Flop (didn't bet)
Seat 2: Hero (small blind) folded before Flop
Seat 3: 1d1067c2 (big blind) folded on the Flop
Seat 4: ed68f3b6 won ($0.53)
Seat 5: d2b3d8c9 folded before Flop (didn't bet)
Seat 6: 33c03725 folded before Flop (didn't bet)


Poker Hand #RC1355579140: Hold'em No Limit  ($0.05/$0.1) - 2023/02/20 11:32:54
Table 'RushAndCash12774400' 6-max Seat #1 is the button
Seat 1: 1d1067c2 ($9.76 in chips)
Seat 2: 2f260540 ($12.62 in chips)
Seat 3: 817010ae ($10.21 in chips)
Seat 4: Hero ($12.91 in chips)
Seat 5: aa639bc6 ($14.47 in chips)
Seat 6: c7c596d4 ($10.15 in chips)
2f260540: posts small blind $0.05
817010ae: posts big blind $0.1
*** HOLE CARDS ***
Dealt to 1d1067c2 
Dealt to 2f260540 
Dealt to 817010ae 
Dealt to Hero [Jc Qc]
Dealt to aa639bc6 
Dealt to c7c596d4 
Hero: raises $0.15 to $0.25
aa639bc6: folds
c7c596d4: folds
1d1067c2: calls $0.25
2f260540: folds
817010ae: folds
*** FLOP *** [Ks 3s 7h]
Hero: bets $0.22
1d1067c2: calls $0.22
*** TURN *** [Ks 3s 7h] [6s]
Hero: checks
1d1067c2: bets $0.75
Hero: folds
Uncalled bet ($0.75) returned to 1d1067c2
*** SHOWDOWN ***
1d1067c2 collected $1.04 from pot
*** SUMMARY ***
Total pot $1.09 | Rake $0.05 | Jackpot $0 | Bingo $0 | Fortune $0
Board [Ks 3s 7h 6s]
Seat 1: 1d1067c2 (button) won ($1.04)
Seat 2: 2f260540 (small blind) folded before Flop
Seat 3: 817010ae (big blind) folded before Flop
Seat 4: Hero folded on the Turn
Seat 5: aa639bc6 folded before Flop (didn't bet)
Seat 6: c7c596d4 folded before Flop (didn't bet)


Poker Hand #RC1355579109: Hold'em No Limit  ($0.05/$0.1) - 2023/02/20 11:32:48
Table 'RushAndCash12774369' 6-max Seat #1 is the button
Seat 1: cccc7c65 ($13.57 in chips)
Seat 2: 680d1575 ($12.32 in chips)
Seat 3: 2300777e ($32.48 in chips)
Seat 4: Hero ($12.91 in chips)
Seat 5: 8374f261 ($10 in chips)
Seat 6: 714ad84c ($10.93 in chips)
680d1575: posts small blind $0.05
2300777e: posts big blind $0.1
*** HOLE CARDS ***
Dealt to cccc7c65 
Dealt to 680d1575 
Dealt to 2300777e 
Dealt to Hero [7s 5c]
Dealt to 8374f261 
Dealt to 714ad84c 
Hero: folds
8374f261: folds
714ad84c: folds
cccc7c65: raises $0.17 to $0.27
680d1575: raises $0.78 to $1.05
2300777e: folds
cccc7c65: folds
Uncalled bet ($0.78) returned to 680d1575
*** SHOWDOWN ***
680d1575 collected $0.61 from pot
*** SUMMARY ***
Total pot $0.64 | Rake $0.03 | Jackpot $0 | Bingo $0 | Fortune $0
Seat 1: cccc7c65 (button) folded before Flop
Seat 2: 680d1575 (small blind) collected ($0.61)
Seat 3: 2300777e (big blind) folded before Flop
Seat 4: Hero folded before Flop (didn't bet)
Seat 5: 8374f261 folded before Flop (didn't bet)
Seat 6: 714ad84c folded before Flop (didn't bet)


Poker Hand #RC1355579034: Hold'em No Limit  ($0.05/$0.1) - 2023/02/20 11:32:30
Table 'RushAndCash12774294' 6-max Seat #1 is the button
Seat 1: a3d5d7ed ($14.99 in chips)
Seat 2: 75e46f84 ($15.73 in chips)
Seat 3: 76d75562 ($22.87 in chips)
Seat 4: a8be198f ($10.15 in chips)
Seat 5: 82b69856 ($10 in chips)
Seat 6: Hero ($12.91 in chips)
75e46f84: posts small blind $0.05
76d75562: posts big blind $0.1
*** HOLE CARDS ***
Dealt to a3d5d7ed 
Dealt to 75e46f84 
Dealt to 76d75562 
Dealt to a8be198f 
Dealt to 82b69856 
Dealt to Hero [8d 5s]
a8be198f: folds
82b69856: folds
Hero: folds
a3d5d7ed: raises $0.15 to $0.25
75e46f84: folds
76d75562: raises $0.55 to $0.8
a3d5d7ed: calls $0.55
*** FLOP *** [6c 4c Ac]
76d75562: checks
a3d5d7ed: bets $0.55
76d75562: calls $0.55
*** TURN *** [6c 4c Ac] [Jd]
76d75562: checks
a3d5d7ed: checks
*** RIVER *** [6c 4c Ac Jd] [6s]
76d75562: checks
a3d5d7ed: bets $1.38
76d75562: folds
Uncalled bet ($1.38) returned to a3d5d7ed
*** SHOWDOWN ***
a3d5d7ed collected $2.62 from pot
*** SUMMARY ***
Total pot $2.75 | Rake $0.13 | Jackpot $0 | Bingo $0 | Fortune $0
Board [6c 4c Ac Jd 6s]
Seat 1: a3d5d7ed (button) won ($2.62)
Seat 2: 75e46f84 (small blind) folded before Flop
Seat 3: 76d75562 (big blind) folded on the River
Seat 4: a8be198f folded before Flop (didn't bet)
Seat 5: 82b69856 folded before Flop (didn't bet)
Seat 6: Hero folded before Flop (didn't bet)


Poker Hand #RC1355579009: Hold'em No Limit  ($0.05/$0.1) - 2023/02/20 11:32:24
Table 'RushAndCash12774269' 6-max Seat #1 is the button
Seat 1: Hero ($12.91 in chips)
Seat 2: da925359 ($11.05 in chips)
Seat 3: f96ec23d ($11.41 in chips)
Seat 4: ef6c1179 ($10 in chips)
Seat 5: b469eaa3 ($10.31 in chips)
Seat 6: 883615b2 ($6.92 in chips)
da925359: posts small blind $0.05
f96ec23d: posts big blind $0.1
*** HOLE CARDS ***
Dealt to Hero [5s 8h]
Dealt to da925359 
Dealt to f96ec23d 
Dealt to ef6c1179 
Dealt to b469eaa3 
Dealt to 883615b2 
ef6c1179: raises $0.12 to $0.22
b469eaa3: folds
883615b2: folds
Hero: folds
da925359: folds
f96ec23d: folds
Uncalled bet ($0.12) returned to ef6c1179
*** SHOWDOWN ***
ef6c1179 collected $0.25 from pot
*** SUMMARY ***
Total pot $0.25 | Rake $0 | Jackpot $0 | Bingo $0 | Fortune $0
Seat 1: Hero (button) folded before Flop (didn't bet)
Seat 2: da925359 (small blind) folded before Flop
Seat 3: f96ec23d (big blind) folded before Flop
Seat 4: ef6c1179 collected ($0.25)
Seat 5: b469eaa3 folded before Flop (didn't bet)
Seat 6: 883615b2 folded before Flop (didn't bet)


Poker Hand #RC1355578987: Hold'em No Limit  ($0.05/$0.1) - 2023/02/20 11:32:19
Table 'RushAndCash12774247' 6-max Seat #1 is the button
Seat 1: 2fc1bd6d ($12.83 in chips)
Seat 2: Hero ($12.96 in chips)
Seat 3: c4031e2c ($5.34 in chips)
Seat 4: b9086e54 ($23.72 in chips)
Seat 5: 1610dc87 ($10.15 in chips)
Seat 6: 223b058a ($11.16 in chips)
Hero: posts small blind $0.05
c4031e2c: posts big blind $0.1
*** HOLE CARDS ***
Dealt to 2fc1bd6d 
Dealt to Hero [2c 5h]
Dealt to c4031e2c 
Dealt to b9086e54 
Dealt to 1610dc87 
Dealt to 223b058a 
b9086e54: raises $0.13 to $0.23
1610dc87: calls $0.23
223b058a: raises $1.17 to $1.4
2fc1bd6d: folds
Hero: folds
c4031e2c: folds
b9086e54: folds
1610dc87: calls $1.17
*** FLOP *** [9d 5s 6h]
1610dc87: checks
223b058a: checks
*** TURN *** [9d 5s 6h] [6s]
1610dc87: bets $2.39
223b058a: folds
Uncalled bet ($2.39) returned to 1610dc87
*** SHOWDOWN ***
1610dc87 collected $2.88 from pot
*** SUMMARY ***
Total pot $3.18 | Rake $0.15 | Jackpot $0.15 | Bingo $0 | Fortune $0
Board [9d 5s 6h 6s]
Seat 1: 2fc1bd6d (button) folded before Flop (didn't bet)
Seat 2: Hero (small blind) folded before Flop
Seat 3: c4031e2c (big blind) folded before Flop
Seat 4: b9086e54 folded before Flop
Seat 5: 1610dc87 won ($2.88)
Seat 6: 223b058a folded on the Turn


Poker Hand #RC1355578864: Hold'em No Limit  ($0.05/$0.1) - 2023/02/20 11:31:53
Table 'RushAndCash12774124' 6-max Seat #1 is the button
Seat 1: 31b74835 ($10.34 in chips)
Seat 2: 2fc1bd6d ($12.51 in chips)
Seat 3: 7c2b5cbb ($11.92 in chips)
Seat 4: Hero ($13.21 in chips)
Seat 5: 730c6615 ($9.14 in chips)
Seat 6: 1760a311 ($10.64 in chips)
2fc1bd6d: posts small blind $0.05
7c2b5cbb: posts big blind $0.1
*** HOLE CARDS ***
Dealt to 31b74835 
Dealt to 2fc1bd6d 
Dealt to 7c2b5cbb 
Dealt to Hero [Jd Qh]
Dealt to 730c6615 
Dealt to 1760a311 
Hero: raises $0.15 to $0.25
730c6615: folds
1760a311: folds
31b74835: folds
2fc1bd6d: raises $0.85 to $1.1
7c2b5cbb: folds
Hero: folds
Uncalled bet ($0.85) returned to 2fc1bd6d
*** SHOWDOWN ***
2fc1bd6d collected $0.57 from pot
*** SUMMARY ***
Total pot $0.6 | Rake $0.03 | Jackpot $0 | Bingo $0 | Fortune $0
Seat 1: 31b74835 (button) folded before Flop (didn't bet)
Seat 2: 2fc1bd6d (small blind) collected ($0.57)
Seat 3: 7c2b5cbb (big blind) folded before Flop
Seat 4: Hero folded before Flop
Seat 5: 730c6615 folded before Flop (didn't bet)
Seat 6: 1760a311 folded before Flop (didn't bet)


Poker Hand #RC1355578847: Hold'em No Limit  ($0.05/$0.1) - 2023/02/20 11:31:49
Table 'RushAndCash12774107' 6-max Seat #1 is the button
Seat 1: 11d1add1 ($14.89 in chips)
Seat 2: cde9ae7f ($10 in chips)
Seat 3: Hero ($13.31 in chips)
Seat 4: b3042eba ($4.18 in chips)
Seat 5: dde8665a ($15.51 in chips)
Seat 6: 3ae25efc ($10.3 in chips)
cde9ae7f: posts small blind $0.05
Hero: posts big blind $0.1
*** HOLE CARDS ***
Dealt to 11d1add1 
Dealt to cde9ae7f 
Dealt to Hero [Td 3h]
Dealt to b3042eba 
Dealt to dde8665a 
Dealt to 3ae25efc 
b3042eba: folds
dde8665a: folds
3ae25efc: raises $0.1 to $0.2
11d1add1: folds
cde9ae7f: folds
Hero: folds
Uncalled bet ($0.1) returned to 3ae25efc
*** SHOWDOWN ***
3ae25efc collected $0.25 from pot
*** SUMMARY ***
Total pot $0.25 | Rake $0 | Jackpot $0 | Bingo $0 | Fortune $0
Seat 1: 11d1add1 (button) folded before Flop (didn't bet)
Seat 2: cde9ae7f (small blind) folded before Flop
Seat 3: Hero (big blind) folded before Flop
Seat 4: b3042eba folded before Flop (didn't bet)
Seat 5: dde8665a folded before Flop (didn't bet)
Seat 6: 3ae25efc collected ($0.25)


Poker Hand #RC1355578828: Hold'em No Limit  ($0.05/$0.1) - 2023/02/20 11:31:44
Table 'RushAndCash12774088' 6-max Seat #1 is the button
Seat 1: Hero ($13.31 in chips)
Seat 2: 6d7a934d ($19.95 in chips)
Seat 3: b14290e3 ($10 in chips)
Seat 4: a09f921f ($11.61 in chips)
Seat 5: b638a5e0 ($10.93 in chips)
Seat 6: 538d3bdc ($10.05 in chips)
6d7a934d: posts small blind $0.05
b14290e3: posts big blind $0.1
*** HOLE CARDS ***
Dealt to Hero [5c 6d]
Dealt to 6d7a934d 
Dealt to b14290e3 
Dealt to a09f921f 
Dealt to b638a5e0 
Dealt to 538d3bdc 
a09f921f: folds
b638a5e0: folds
538d3bdc: folds
Hero: folds
6d7a934d: folds
Uncalled bet ($0.05) returned to b14290e3
*** SHOWDOWN ***
b14290e3 collected $0.1 from pot
*** SUMMARY ***
Total pot $0.1 | Rake $0 | Jackpot $0 | Bingo $0 | Fortune $0
Seat 1: Hero (button) folded before Flop (didn't bet)
Seat 2: 6d7a934d (small blind) folded before Flop
Seat 3: b14290e3 (big blind) collected ($0.1)
Seat 4: a09f921f folded before Flop (didn't bet)
Seat 5: b638a5e0 folded before Flop (didn't bet)
Seat 6: 538d3bdc folded before Flop (didn't bet)


Poker Hand #RC1355578809: Hold'em No Limit  ($0.05/$0.1) - 2023/02/20 11:31:40
Table 'RushAndCash12774069' 6-max Seat #1 is the button
Seat 1: a859a1a2 ($9.9 in chips)
Seat 2: 98d9344e ($14.68 in chips)
Seat 3: b9086e54 ($24.6 in chips)
Seat 4: Hero ($13.31 in chips)
Seat 5: c7778375 ($24.83 in chips)
Seat 6: c6a21858 ($10.71 in chips)
98d9344e: posts small blind $0.05
b9086e54: posts big blind $0.1
*** HOLE CARDS ***
Dealt to a859a1a2 
Dealt to 98d9344e 
Dealt to b9086e54 
Dealt to Hero [6s Kc]
Dealt to c7778375 
Dealt to c6a21858 
Hero: folds
c7778375: folds
c6a21858: folds
a859a1a2: folds
98d9344e: raises $0.25 to $0.35
b9086e54: calls $0.25
*** FLOP *** [5d 9d 7c]
98d9344e: bets $0.53
b9086e54: calls $0.53
*** TURN *** [5d 9d 7c] [Jh]
98d9344e: bets $1.76
b9086e54: folds
Uncalled bet ($1.76) returned to 98d9344e
*** SHOWDOWN ***
98d9344e collected $1.68 from pot
*** SUMMARY ***
Total pot $1.76 | Rake $0.08 | Jackpot $0 | Bingo $0 | Fortune $0
Board [5d 9d 7c Jh]
Seat 1: a859a1a2 (button) folded before Flop (didn't bet)
Seat 2: 98d9344e (small blind) won ($1.68)
Seat 3: b9086e54 (big blind) folded on the Turn
Seat 4: Hero folded before Flop (didn't bet)
Seat 5: c7778375 folded before Flop (didn't bet)
Seat 6: c6a21858 folded before Flop (didn't bet)


Poker Hand #RC1355578507: Hold'em No Limit  ($0.05/$0.1) - 2023/02/20 11:30:32
Table 'RushAndCash12773767' 6-max Seat #1 is the button
Seat 1: 9548f98e ($3.77 in chips)
Seat 2: c7996aac ($14.75 in chips)
Seat 3: c9629adb ($5.77 in chips)
Seat 4: ffffb4b8 ($10.66 in chips)
Seat 5: 77330f06 ($7.09 in chips)
Seat 6: Hero ($13.16 in chips)
c7996aac: posts small blind $0.05
c9629adb: posts big blind $0.1
*** HOLE CARDS ***
Dealt to 9548f98e 
Dealt to c7996aac 
Dealt to c9629adb 
Dealt to ffffb4b8 
Dealt to 77330f06 
Dealt to Hero [Kd Ac]
ffffb4b8: folds
77330f06: folds
Hero: raises $0.15 to $0.25
9548f98e: folds
c7996aac: folds
c9629adb: folds
Uncalled bet ($0.15) returned to Hero
*** SHOWDOWN ***
Hero collected $0.25 from pot
*** SUMMARY ***
Total pot $0.25 | Rake $0 | Jackpot $0 | Bingo $0 | Fortune $0
Seat 1: 9548f98e (button) folded before Flop (didn't bet)
Seat 2: c7996aac (small blind) folded before Flop
Seat 3: c9629adb (big blind) folded before Flop
Seat 4: ffffb4b8 folded before Flop (didn't bet)
Seat 5: 77330f06 folded before Flop (didn't bet)
Seat 6: Hero collected ($0.25)


Poker Hand #RC1355578426: Hold'em No Limit  ($0.05/$0.1) - 2023/02/20 11:30:11
Table 'RushAndCash12773686' 6-max Seat #1 is the button
Seat 1: f1243c8a ($13.5 in chips)
Seat 2: c7996aac ($14.8 in chips)
Seat 3: Hero ($13.26 in chips)
Seat 4: 7d43cbd5 ($10.9 in chips)
Seat 5: d7146f83 ($10.9 in chips)
Seat 6: 37e1fed8 ($11.26 in chips)
c7996aac: posts small blind $0.05
Hero: posts big blind $0.1
*** HOLE CARDS ***
Dealt to f1243c8a 
Dealt to c7996aac 
Dealt to Hero [9c 5c]
Dealt to 7d43cbd5 
Dealt to d7146f83 
Dealt to 37e1fed8 
7d43cbd5: folds
d7146f83: folds
37e1fed8: folds
f1243c8a: raises $0.15 to $0.25
c7996aac: folds
Hero: folds
Uncalled bet ($0.15) returned to f1243c8a
*** SHOWDOWN ***
f1243c8a collected $0.25 from pot
*** SUMMARY ***
Total pot $0.25 | Rake $0 | Jackpot $0 | Bingo $0 | Fortune $0
Seat 1: f1243c8a (button) collected ($0.25)
Seat 2: c7996aac (small blind) folded before Flop
Seat 3: Hero (big blind) folded before Flop
Seat 4: 7d43cbd5 folded before Flop (didn't bet)
Seat 5: d7146f83 folded before Flop (didn't bet)
Seat 6: 37e1fed8 folded before Flop (didn't bet)


Poker Hand #RC1355578275: Hold'em No Limit  ($0.05/$0.1) - 2023/02/20 11:29:38
Table 'RushAndCash12773535' 6-max Seat #1 is the button
Seat 1: e3d8fe88 ($22.04 in chips)
Seat 2: Hero ($13.31 in chips)
Seat 3: 223b058a ($11.31 in chips)
Seat 4: 18148c0e ($48.32 in chips)
Seat 5: fe030624 ($10.84 in chips)
Seat 6: deef66dc ($7.65 in chips)
Hero: posts small blind $0.05
223b058a: posts big blind $0.1
*** HOLE CARDS ***
Dealt to e3d8fe88 
Dealt to Hero [5d Jd]
Dealt to 223b058a 
Dealt to 18148c0e 
Dealt to fe030624 
Dealt to deef66dc 
18148c0e: folds
fe030624: folds
deef66dc: folds
e3d8fe88: raises $0.15 to $0.25
Hero: folds
223b058a: folds
Uncalled bet ($0.15) returned to e3d8fe88
*** SHOWDOWN ***
e3d8fe88 collected $0.25 from pot
*** SUMMARY ***
Total pot $0.25 | Rake $0 | Jackpot $0 | Bingo $0 | Fortune $0
Seat 1: e3d8fe88 (button) collected ($0.25)
Seat 2: Hero (small blind) folded before Flop
Seat 3: 223b058a (big blind) folded before Flop
Seat 4: 18148c0e folded before Flop (didn't bet)
Seat 5: fe030624 folded before Flop (didn't bet)
Seat 6: deef66dc folded before Flop (didn't bet)


Poker Hand #RC1355577655: Hold'em No Limit  ($0.05/$0.1) - 2023/02/20 11:27:17
Table 'RushAndCash12772915' 6-max Seat #1 is the button
Seat 1: 363d3401 ($9.7 in chips)
Seat 2: 901f07f3 ($13.22 in chips)
Seat 3: a8be198f ($10 in chips)
Seat 4: Hero ($13.31 in chips)
Seat 5: 730c6615 ($9.5 in chips)
Seat 6: 98d9344e ($17.08 in chips)
901f07f3: posts small blind $0.05
a8be198f: posts big blind $0.1
*** HOLE CARDS ***
Dealt to 363d3401 
Dealt to 901f07f3 
Dealt to a8be198f 
Dealt to Hero [Jd 8d]
Dealt to 730c6615 
Dealt to 98d9344e 
Hero: folds
730c6615: raises $0.1 to $0.2
98d9344e: folds
363d3401: folds
901f07f3: calls $0.15
a8be198f: folds
*** FLOP *** [Tc Ah Ad]
901f07f3: checks
730c6615: checks
*** TURN *** [Tc Ah Ad] [9s]
901f07f3: checks
730c6615: checks
*** RIVER *** [Tc Ah Ad 9s] [6c]
901f07f3: checks
730c6615: checks
901f07f3: shows [2d 2s] (Pair of Aces and Pair of Twos)
730c6615: shows [Js 8s] (Pair of Aces)
*** SHOWDOWN ***
901f07f3 collected $0.48 from pot
*** SUMMARY ***
Total pot $0.5 | Rake $0.02 | Jackpot $0 | Bingo $0 | Fortune $0
Board [Tc Ah Ad 9s 6c]
Seat 1: 363d3401 (button) folded before Flop (didn't bet)
Seat 2: 901f07f3 (small blind) showed [2d 2s] and won ($0.48) with Pair of Aces and Pair of Twos
Seat 3: a8be198f (big blind) folded before Flop
Seat 4: Hero folded before Flop (didn't bet)
Seat 5: 730c6615 showed [Js 8s] and lost with Pair of Aces
Seat 6: 98d9344e folded before Flop (didn't bet)


Poker Hand #RC1355577601: Hold'em No Limit  ($0.05/$0.1) - 2023/02/20 11:27:05
Table 'RushAndCash12772861' 6-max Seat #1 is the button
Seat 1: Hero ($13.31 in chips)
Seat 2: 12375d6c ($10.13 in chips)
Seat 3: c652516f ($10 in chips)
Seat 4: deef66dc ($6.03 in chips)
Seat 5: b3bf6aef ($10.8 in chips)
Seat 6: c713efb0 ($11.61 in chips)
12375d6c: posts small blind $0.05
c652516f: posts big blind $0.1
*** HOLE CARDS ***
Dealt to Hero [2h 8c]
Dealt to 12375d6c 
Dealt to c652516f 
Dealt to deef66dc 
Dealt to b3bf6aef 
Dealt to c713efb0 
deef66dc: folds
b3bf6aef: raises $0.15 to $0.25
c713efb0: folds
Hero: folds
12375d6c: folds
c652516f: calls $0.15
*** FLOP *** [Ks 6d 6s]
c652516f: checks
b3bf6aef: bets $0.19
c652516f: calls $0.19
*** TURN *** [Ks 6d 6s] [4d]
c652516f: checks
b3bf6aef: bets $0.62
c652516f: calls $0.62
*** RIVER *** [Ks 6d 6s 4d] [Qc]
c652516f: checks
b3bf6aef: bets $2.6
c652516f: calls $2.6
b3bf6aef: shows [6h Kh] (Sixes Full over Kings)
c652516f: shows [Kc Jd] (Pair of Kings and Pair of Sixes)
*** SHOWDOWN ***
b3bf6aef collected $6.92 from pot
*** SUMMARY ***
Total pot $7.37 | Rake $0.3 | Jackpot $0.15 | Bingo $0 | Fortune $0
Board [Ks 6d 6s 4d Qc]
Seat 1: Hero (button) folded before Flop (didn't bet)
Seat 2: 12375d6c (small blind) folded before Flop
Seat 3: c652516f (big blind) showed [Kc Jd] and lost with Pair of Kings and Pair of Sixes
Seat 4: deef66dc folded before Flop (didn't bet)
Seat 5: b3bf6aef showed [6h Kh] and won ($6.92) with Sixes Full over Kings
Seat 6: c713efb0 folded before Flop (didn't bet)


Poker Hand #RC1355577581: Hold'em No Limit  ($0.05/$0.1) - 2023/02/20 11:27:00
Table 'RushAndCash12772841' 6-max Seat #1 is the button
Seat 1: 1f2a5da6 ($8.91 in chips)
Seat 2: 9df24e0e ($8.89 in chips)
Seat 3: 3854a992 ($11.4 in chips)
Seat 4: Hero ($13.31 in chips)
Seat 5: 62d164e9 ($25.72 in chips)
Seat 6: deef66dc ($6.03 in chips)
9df24e0e: posts small blind $0.05
3854a992: posts big blind $0.1
*** HOLE CARDS ***
Dealt to 1f2a5da6 
Dealt to 9df24e0e 
Dealt to 3854a992 
Dealt to Hero [Tc 6s]
Dealt to 62d164e9 
Dealt to deef66dc 
Hero: folds
62d164e9: folds
deef66dc: folds
1f2a5da6: raises $0.1 to $0.2
9df24e0e: folds
3854a992: folds
Uncalled bet ($0.1) returned to 1f2a5da6
*** SHOWDOWN ***
1f2a5da6 collected $0.25 from pot
*** SUMMARY ***
Total pot $0.25 | Rake $0 | Jackpot $0 | Bingo $0 | Fortune $0
Seat 1: 1f2a5da6 (button) collected ($0.25)
Seat 2: 9df24e0e (small blind) folded before Flop
Seat 3: 3854a992 (big blind) folded before Flop
Seat 4: Hero folded before Flop (didn't bet)
Seat 5: 62d164e9 folded before Flop (didn't bet)
Seat 6: deef66dc folded before Flop (didn't bet)


Poker Hand #RC1355577558: Hold'em No Limit  ($0.05/$0.1) - 2023/02/20 11:26:55
Table 'RushAndCash12772818' 6-max Seat #1 is the button
Seat 1: 93d98f0b ($5.57 in chips)
Seat 2: ce8393c8 ($11.19 in chips)
Seat 3: 60679387 ($15.29 in chips)
Seat 4: dc9819cc ($9.85 in chips)
Seat 5: 680d1575 ($13.1 in chips)
Seat 6: Hero ($13.31 in chips)
ce8393c8: posts small blind $0.05
60679387: posts big blind $0.1
*** HOLE CARDS ***
Dealt to 93d98f0b 
Dealt to ce8393c8 
Dealt to 60679387 
Dealt to dc9819cc 
Dealt to 680d1575 
Dealt to Hero [4c 2s]
dc9819cc: folds
680d1575: folds
Hero: folds
93d98f0b: raises $0.2 to $0.3
ce8393c8: raises $0.95 to $1.25
60679387: folds
93d98f0b: raises $4.32 to $5.57 and is all-in
ce8393c8: calls $4.32
93d98f0b: shows [Ts Ad]
ce8393c8: shows [As Kd]
*** FLOP *** [2h 3s 9d]
*** TURN *** [2h 3s 9d] [5s]
*** RIVER *** [2h 3s 9d 5s] [5h]
*** SHOWDOWN ***
ce8393c8 collected $10.79 from pot
*** SUMMARY ***
Total pot $11.24 | Rake $0.3 | Jackpot $0.15 | Bingo $0 | Fortune $0
Board [2h 3s 9d 5s 5h]
Seat 1: 93d98f0b (button) showed [Ts Ad] and lost with Pair of Fives
Seat 2: ce8393c8 (small blind) showed [As Kd] and won ($10.79) with Pair of Fives
Seat 3: 60679387 (big blind) folded before Flop
Seat 4: dc9819cc folded before Flop (didn't bet)
Seat 5: 680d1575 folded before Flop (didn't bet)
Seat 6: Hero folded before Flop (didn't bet)


Poker Hand #RC1355577430: Hold'em No Limit  ($0.05/$0.1) - 2023/02/20 11:26:25
Table 'RushAndCash12772690' 6-max Seat #1 is the button
Seat 1: Hero ($12.98 in chips)
Seat 2: 7d43cbd5 ($11.7 in chips)
Seat 3: 88840013 ($13.65 in chips)
Seat 4: dd182f6d ($10.45 in chips)
Seat 5: 540747e8 ($6.03 in chips)
Seat 6: f0e656bd ($10 in chips)
7d43cbd5: posts small blind $0.05
88840013: posts big blind $0.1
*** HOLE CARDS ***
Dealt to Hero [Tc Ts]
Dealt to 7d43cbd5 
Dealt to 88840013 
Dealt to dd182f6d 
Dealt to 540747e8 
Dealt to f0e656bd 
dd182f6d: folds
540747e8: folds
f0e656bd: raises $0.1 to $0.2
Hero: raises $0.42 to $0.62
7d43cbd5: folds
88840013: folds
f0e656bd: folds
Uncalled bet ($0.42) returned to Hero
*** SHOWDOWN ***
Hero collected $0.53 from pot
*** SUMMARY ***
Total pot $0.55 | Rake $0.02 | Jackpot $0 | Bingo $0 | Fortune $0
Seat 1: Hero (button) collected ($0.53)
Seat 2: 7d43cbd5 (small blind) folded before Flop
Seat 3: 88840013 (big blind) folded before Flop
Seat 4: dd182f6d folded before Flop (didn't bet)
Seat 5: 540747e8 folded before Flop (didn't bet)
Seat 6: f0e656bd folded before Flop


Poker Hand #RC1355577407: Hold'em No Limit  ($0.05/$0.1) - 2023/02/20 11:26:19
Table 'RushAndCash12772667' 6-max Seat #1 is the button
Seat 1: Hero ($12.98 in chips)
Seat 2: b9086e54 ($12.77 in chips)
Seat 3: c13f9576 ($13.91 in chips)
Seat 4: 2e685256 ($33.12 in chips)
Seat 5: 583f9538 ($9.83 in chips)
Seat 6: 58ad08f7 ($13.17 in chips)
b9086e54: posts small blind $0.05
c13f9576: posts big blind $0.1
*** HOLE CARDS ***
Dealt to Hero [Js 2s]
Dealt to b9086e54 
Dealt to c13f9576 
Dealt to 2e685256 
Dealt to 583f9538 
Dealt to 58ad08f7 
2e685256: folds
583f9538: calls $0.1
58ad08f7: folds
Hero: folds
b9086e54: folds
c13f9576: checks
*** FLOP *** [Kd 9h Qs]
c13f9576: checks
583f9538: bets $0.25
c13f9576: folds
Uncalled bet ($0.25) returned to 583f9538
*** SHOWDOWN ***
583f9538 collected $0.24 from pot
*** SUMMARY ***
Total pot $0.25 | Rake $0.01 | Jackpot $0 | Bingo $0 | Fortune $0
Board [Kd 9h Qs]
Seat 1: Hero (button) folded before Flop (didn't bet)
Seat 2: b9086e54 (small blind) folded before Flop
Seat 3: c13f9576 (big blind) folded on the Flop
Seat 4: 2e685256 folded before Flop (didn't bet)
Seat 5: 583f9538 won ($0.24)
Seat 6: 58ad08f7 folded before Flop (didn't bet)


Poker Hand #RC1355577307: Hold'em No Limit  ($0.05/$0.1) - 2023/02/20 11:25:59
Table 'RushAndCash12772567' 6-max Seat #1 is the button
Seat 1: 1610dc87 ($21.73 in chips)
Seat 2: Hero ($13.03 in chips)
Seat 3: f4838bc0 ($11.12 in chips)
Seat 4: 5251f105 ($10 in chips)
Seat 5: 4c27045d ($9.1 in chips)
Seat 6: d5108d4c ($10.04 in chips)
Hero: posts small blind $0.05
f4838bc0: posts big blind $0.1
*** HOLE CARDS ***
Dealt to 1610dc87 
Dealt to Hero [Qh Js]
Dealt to f4838bc0 
Dealt to 5251f105 
Dealt to 4c27045d 
Dealt to d5108d4c 
5251f105: folds
4c27045d: raises $0.15 to $0.25
d5108d4c: folds
1610dc87: folds
Hero: folds
f4838bc0: folds
Uncalled bet ($0.15) returned to 4c27045d
*** SHOWDOWN ***
4c27045d collected $0.25 from pot
*** SUMMARY ***
Total pot $0.25 | Rake $0 | Jackpot $0 | Bingo $0 | Fortune $0
Seat 1: 1610dc87 (button) folded before Flop (didn't bet)
Seat 2: Hero (small blind) folded before Flop
Seat 3: f4838bc0 (big blind) folded before Flop
Seat 4: 5251f105 folded before Flop (didn't bet)
Seat 5: 4c27045d collected ($0.25)
Seat 6: d5108d4c folded before Flop (didn't bet)


Poker Hand #RC1355576800: Hold'em No Limit  ($0.05/$0.1) - 2023/02/20 11:24:11
Table 'RushAndCash12772060' 6-max Seat #1 is the button
Seat 1: 890436b2 ($10.15 in chips)
Seat 2: 4438a74d ($8.14 in chips)
Seat 3: Hero ($18.05 in chips)
Seat 4: b0c2a642 ($10.19 in chips)
Seat 5: 67fa1ea9 ($5.02 in chips)
Seat 6: 75bd68d5 ($11.84 in chips)
4438a74d: posts small blind $0.05
Hero: posts big blind $0.1
*** HOLE CARDS ***
Dealt to 890436b2 
Dealt to 4438a74d 
Dealt to Hero [Jd Ad]
Dealt to b0c2a642 
Dealt to 67fa1ea9 
Dealt to 75bd68d5 
b0c2a642: folds
67fa1ea9: raises $0.2 to $0.3
75bd68d5: folds
890436b2: calls $0.3
4438a74d: folds
Hero: calls $0.2
*** FLOP *** [3s Qd 6d]
Hero: checks
67fa1ea9: bets $0.58
890436b2: folds
Hero: calls $0.58
*** TURN *** [3s Qd 6d] [4c]
Hero: checks
67fa1ea9: bets $1.41
Hero: raises $15.76 to $17.17 and is all-in
67fa1ea9: calls $2.73 and is all-in
Uncalled bet ($13.03) returned to Hero
Hero: shows [Jd Ad] (Ace-High)
67fa1ea9: shows [Ac Qh] (Pair of Queens)
*** RIVER *** [3s Qd 6d 4c] [Ts]
*** SHOWDOWN ***
67fa1ea9 collected $9.94 from pot
*** SUMMARY ***
Total pot $10.39 | Rake $0.3 | Jackpot $0.15 | Bingo $0 | Fortune $0
Board [3s Qd 6d 4c Ts]
Seat 1: 890436b2 (button) folded on the Flop
Seat 2: 4438a74d (small blind) folded before Flop
Seat 3: Hero (big blind) showed [Jd Ad] and lost with Ace-High
Seat 4: b0c2a642 folded before Flop (didn't bet)
Seat 5: 67fa1ea9 showed [Ac Qh] and won ($9.94) with Pair of Queens
Seat 6: 75bd68d5 folded before Flop (didn't bet)


Poker Hand #RC1355576767: Hold'em No Limit  ($0.05/$0.1) - 2023/02/20 11:24:05
Table 'RushAndCash12772027' 6-max Seat #1 is the button
Seat 1: ef2e4def ($9.43 in chips)
Seat 2: dd182f6d ($10.12 in chips)
Seat 3: a1f81c93 ($10.65 in chips)
Seat 4: Hero ($18.05 in chips)
Seat 5: 72093c61 ($23.03 in chips)
Seat 6: 919f3152 ($10 in chips)
dd182f6d: posts small blind $0.05
a1f81c93: posts big blind $0.1
*** HOLE CARDS ***
Dealt to ef2e4def 
Dealt to dd182f6d 
Dealt to a1f81c93 
Dealt to Hero [6d 2c]
Dealt to 72093c61 
Dealt to 919f3152 
Hero: folds
72093c61: folds
919f3152: folds
ef2e4def: folds
dd182f6d: folds
Uncalled bet ($0.05) returned to a1f81c93
*** SHOWDOWN ***
a1f81c93 collected $0.1 from pot
*** SUMMARY ***
Total pot $0.1 | Rake $0 | Jackpot $0 | Bingo $0 | Fortune $0
Seat 1: ef2e4def (button) folded before Flop (didn't bet)
Seat 2: dd182f6d (small blind) folded before Flop
Seat 3: a1f81c93 (big blind) collected ($0.1)
Seat 4: Hero folded before Flop (didn't bet)
Seat 5: 72093c61 folded before Flop (didn't bet)
Seat 6: 919f3152 folded before Flop (didn't bet)


Poker Hand #RC1355576747: Hold'em No Limit  ($0.05/$0.1) - 2023/02/20 11:24:01
Table 'RushAndCash12772007' 6-max Seat #1 is the button
Seat 1: 72176ca4 ($10.44 in chips)
Seat 2: 6d8ada7a ($11.09 in chips)
Seat 3: 44f6c6fa ($10.37 in chips)
Seat 4: 11d1add1 ($14.55 in chips)
Seat 5: Hero ($18.05 in chips)
Seat 6: cd0e1652 ($11.06 in chips)
6d8ada7a: posts small blind $0.05
44f6c6fa: posts big blind $0.1
*** HOLE CARDS ***
Dealt to 72176ca4 
Dealt to 6d8ada7a 
Dealt to 44f6c6fa 
Dealt to 11d1add1 
Dealt to Hero [4c 2c]
Dealt to cd0e1652 
11d1add1: folds
Hero: folds
cd0e1652: raises $0.15 to $0.25
72176ca4: folds
6d8ada7a: folds
44f6c6fa: folds
Uncalled bet ($0.15) returned to cd0e1652
*** SHOWDOWN ***
cd0e1652 collected $0.25 from pot
*** SUMMARY ***
Total pot $0.25 | Rake $0 | Jackpot $0 | Bingo $0 | Fortune $0
Seat 1: 72176ca4 (button) folded before Flop (didn't bet)
Seat 2: 6d8ada7a (small blind) folded before Flop
Seat 3: 44f6c6fa (big blind) folded before Flop
Seat 4: 11d1add1 folded before Flop (didn't bet)
Seat 5: Hero folded before Flop (didn't bet)
Seat 6: cd0e1652 collected ($0.25)


Poker Hand #RC1355576719: Hold'em No Limit  ($0.05/$0.1) - 2023/02/20 11:23:55
Table 'RushAndCash12771979' 6-max Seat #1 is the button
Seat 1: dbcb057e ($10 in chips)
Seat 2: 359671e3 ($58.36 in chips)
Seat 3: 9772c3ea ($10.56 in chips)
Seat 4: Hero ($18.05 in chips)
Seat 5: 43003ef3 ($11.65 in chips)
Seat 6: bab26291 ($7.89 in chips)
359671e3: posts small blind $0.05
9772c3ea: posts big blind $0.1
*** HOLE CARDS ***
Dealt to dbcb057e 
Dealt to 359671e3 
Dealt to 9772c3ea 
Dealt to Hero [6c 8h]
Dealt to 43003ef3 
Dealt to bab26291 
Hero: folds
43003ef3: folds
bab26291: folds
dbcb057e: folds
359671e3: raises $0.2 to $0.3
9772c3ea: folds
Uncalled bet ($0.2) returned to 359671e3
*** SHOWDOWN ***
359671e3 collected $0.2 from pot
*** SUMMARY ***
Total pot $0.2 | Rake $0 | Jackpot $0 | Bingo $0 | Fortune $0
Seat 1: dbcb057e (button) folded before Flop (didn't bet)
Seat 2: 359671e3 (small blind) collected ($0.2)
Seat 3: 9772c3ea (big blind) folded before Flop
Seat 4: Hero folded before Flop (didn't bet)
Seat 5: 43003ef3 folded before Flop (didn't bet)
Seat 6: bab26291 folded before Flop (didn't bet)


Poker Hand #RC1355576668: Hold'em No Limit  ($0.05/$0.1) - 2023/02/20 11:23:45
Table 'RushAndCash12771928' 6-max Seat #1 is the button
Seat 1: 6851e90d ($10.53 in chips)
Seat 2: Hero ($18.1 in chips)
Seat 3: fbb34074 ($16.61 in chips)
Seat 4: 7a4a6309 ($18.06 in chips)
Seat 5: 7ccce496 ($10.15 in chips)
Seat 6: e45d9b5e ($17.62 in chips)
Hero: posts small blind $0.05
fbb34074: posts big blind $0.1
*** HOLE CARDS ***
Dealt to 6851e90d 
Dealt to Hero [3c 5c]
Dealt to fbb34074 
Dealt to 7a4a6309 
Dealt to 7ccce496 
Dealt to e45d9b5e 
7a4a6309: folds
7ccce496: folds
e45d9b5e: folds
6851e90d: folds
Hero: folds
Uncalled bet ($0.05) returned to fbb34074
*** SHOWDOWN ***
fbb34074 collected $0.1 from pot
*** SUMMARY ***
Total pot $0.1 | Rake $0 | Jackpot $0 | Bingo $0 | Fortune $0
Seat 1: 6851e90d (button) folded before Flop (didn't bet)
Seat 2: Hero (small blind) folded before Flop
Seat 3: fbb34074 (big blind) collected ($0.1)
Seat 4: 7a4a6309 folded before Flop (didn't bet)
Seat 5: 7ccce496 folded before Flop (didn't bet)
Seat 6: e45d9b5e folded before Flop (didn't bet)


Poker Hand #RC1355576358: Hold'em No Limit  ($0.05/$0.1) - 2023/02/20 11:22:31
Table 'RushAndCash12771618' 6-max Seat #1 is the button
Seat 1: 7ba1208f ($10 in chips)
Seat 2: a9856b7b ($9.37 in chips)
Seat 3: Hero ($17.65 in chips)
Seat 4: fd779b7d ($20.35 in chips)
Seat 5: 814ec805 ($10 in chips)
Seat 6: d4695305 ($40.28 in chips)
a9856b7b: posts small blind $0.05
Hero: posts big blind $0.1
*** HOLE CARDS ***
Dealt to 7ba1208f 
Dealt to a9856b7b 
Dealt to Hero [5h 6h]
Dealt to fd779b7d 
Dealt to 814ec805 
Dealt to d4695305 
fd779b7d: folds
814ec805: folds
d4695305: folds
7ba1208f: raises $0.15 to $0.25
a9856b7b: folds
Hero: calls $0.15
*** FLOP *** [6s 8s 4h]
Hero: checks
7ba1208f: bets $0.19
Hero: calls $0.19
*** TURN *** [6s 8s 4h] [5d]
Hero: checks
7ba1208f: checks
*** RIVER *** [6s 8s 4h 5d] [3h]
Hero: bets $0.15
7ba1208f: folds
Uncalled bet ($0.15) returned to Hero
*** SHOWDOWN ***
Hero collected $0.89 from pot
*** SUMMARY ***
Total pot $0.93 | Rake $0.04 | Jackpot $0 | Bingo $0 | Fortune $0
Board [6s 8s 4h 5d 3h]
Seat 1: 7ba1208f (button) folded on the River
Seat 2: a9856b7b (small blind) folded before Flop
Seat 3: Hero (big blind) won ($0.89)
Seat 4: fd779b7d folded before Flop (didn't bet)
Seat 5: 814ec805 folded before Flop (didn't bet)
Seat 6: d4695305 folded before Flop (didn't bet)


Poker Hand #RC1355576327: Hold'em No Limit  ($0.05/$0.1) - 2023/02/20 11:22:23
Table 'RushAndCash12771587' 6-max Seat #1 is the button
Seat 1: a09f921f ($10.25 in chips)
Seat 2: e84389f6 ($13.56 in chips)
Seat 3: 29970b80 ($16.53 in chips)
Seat 4: 5d23960c ($34.02 in chips)
Seat 5: Hero ($17.65 in chips)
Seat 6: cccc7c65 ($14.98 in chips)
e84389f6: posts small blind $0.05
29970b80: posts big blind $0.1
*** HOLE CARDS ***
Dealt to a09f921f 
Dealt to e84389f6 
Dealt to 29970b80 
Dealt to 5d23960c 
Dealt to Hero [5s Ah]
Dealt to cccc7c65 
5d23960c: raises $0.13 to $0.23
Hero: folds
cccc7c65: folds
a09f921f: folds
e84389f6: folds
29970b80: folds
Uncalled bet ($0.13) returned to 5d23960c
*** SHOWDOWN ***
5d23960c collected $0.25 from pot
*** SUMMARY ***
Total pot $0.25 | Rake $0 | Jackpot $0 | Bingo $0 | Fortune $0
Seat 1: a09f921f (button) folded before Flop (didn't bet)
Seat 2: e84389f6 (small blind) folded before Flop
Seat 3: 29970b80 (big blind) folded before Flop
Seat 4: 5d23960c collected ($0.25)
Seat 5: Hero folded before Flop (didn't bet)
Seat 6: cccc7c65 folded before Flop (didn't bet)


Poker Hand #RC1355575947: Hold'em No Limit  ($0.05/$0.1) - 2023/02/20 11:20:54
Table 'RushAndCash12771207' 6-max Seat #1 is the button
Seat 1: a2d92c46 ($10.65 in chips)
Seat 2: 347b8a58 ($10.05 in chips)
Seat 3: 5d23960c ($34.46 in chips)
Seat 4: e45d9b5e ($15.11 in chips)
Seat 5: 412df58d ($11.6 in chips)
Seat 6: Hero ($17.2 in chips)
347b8a58: posts small blind $0.05
5d23960c: posts big blind $0.1
*** HOLE CARDS ***
Dealt to a2d92c46 
Dealt to 347b8a58 
Dealt to 5d23960c 
Dealt to e45d9b5e 
Dealt to 412df58d 
Dealt to Hero [Jc Td]
e45d9b5e: folds
412df58d: folds
Hero: raises $0.15 to $0.25
a2d92c46: folds
347b8a58: folds
5d23960c: calls $0.15
*** FLOP *** [3c Ts 4c]
5d23960c: checks
Hero: bets $0.19
5d23960c: calls $0.19
*** TURN *** [3c Ts 4c] [2h]
5d23960c: checks
Hero: checks
*** RIVER *** [3c Ts 4c 2h] [Ks]
5d23960c: checks
Hero: bets $0.25
5d23960c: folds
Uncalled bet ($0.25) returned to Hero
*** SHOWDOWN ***
Hero collected $0.89 from pot
*** SUMMARY ***
Total pot $0.93 | Rake $0.04 | Jackpot $0 | Bingo $0 | Fortune $0
Board [3c Ts 4c 2h Ks]
Seat 1: a2d92c46 (button) folded before Flop (didn't bet)
Seat 2: 347b8a58 (small blind) folded before Flop
Seat 3: 5d23960c (big blind) folded on the River
Seat 4: e45d9b5e folded before Flop (didn't bet)
Seat 5: 412df58d folded before Flop (didn't bet)
Seat 6: Hero won ($0.89)


Poker Hand #RC1355575928: Hold'em No Limit  ($0.05/$0.1) - 2023/02/20 11:20:49
Table 'RushAndCash12771188' 6-max Seat #1 is the button
Seat 1: 7f306d0 ($12.8 in chips)
Seat 2: cd0e1652 ($10 in chips)
Seat 3: c7903b58 ($10.22 in chips)
Seat 4: 5fbcb8f8 ($10 in chips)
Seat 5: Hero ($17.2 in chips)
Seat 6: 2d60bb19 ($10 in chips)
cd0e1652: posts small blind $0.05
c7903b58: posts big blind $0.1
*** HOLE CARDS ***
Dealt to 7f306d0 
Dealt to cd0e1652 
Dealt to c7903b58 
Dealt to 5fbcb8f8 
Dealt to Hero [7d Qh]
Dealt to 2d60bb19 
5fbcb8f8: folds
Hero: folds
2d60bb19: folds
7f306d0: folds
cd0e1652: folds
Uncalled bet ($0.05) returned to c7903b58
*** SHOWDOWN ***
c7903b58 collected $0.1 from pot
*** SUMMARY ***
Total pot $0.1 | Rake $0 | Jackpot $0 | Bingo $0 | Fortune $0
Seat 1: 7f306d0 (button) folded before Flop (didn't bet)
Seat 2: cd0e1652 (small blind) folded before Flop
Seat 3: c7903b58 (big blind) collected ($0.1)
Seat 4: 5fbcb8f8 folded before Flop (didn't bet)
Seat 5: Hero folded before Flop (didn't bet)
Seat 6: 2d60bb19 folded before Flop (didn't bet)


Poker Hand #RC1355575907: Hold'em No Limit  ($0.05/$0.1) - 2023/02/20 11:20:45
Table 'RushAndCash12771167' 6-max Seat #1 is the button
Seat 1: 7ccce496 ($10.5 in chips)
Seat 2: Hero ($17.25 in chips)
Seat 3: 86794859 ($56.64 in chips)
Seat 4: 63bfbb91 ($27.38 in chips)
Seat 5: e5220d01 ($10 in chips)
Seat 6: 5b17f419 ($8.41 in chips)
Hero: posts small blind $0.05
86794859: posts big blind $0.1
*** HOLE CARDS ***
Dealt to 7ccce496 
Dealt to Hero [4s 8h]
Dealt to 86794859 
Dealt to 63bfbb91 
Dealt to e5220d01 
Dealt to 5b17f419 
63bfbb91: folds
e5220d01: folds
5b17f419: folds
7ccce496: folds
Hero: folds
Uncalled bet ($0.05) returned to 86794859
*** SHOWDOWN ***
86794859 collected $0.1 from pot
*** SUMMARY ***
Total pot $0.1 | Rake $0 | Jackpot $0 | Bingo $0 | Fortune $0
Seat 1: 7ccce496 (button) folded before Flop (didn't bet)
Seat 2: Hero (small blind) folded before Flop
Seat 3: 86794859 (big blind) collected ($0.1)
Seat 4: 63bfbb91 folded before Flop (didn't bet)
Seat 5: e5220d01 folded before Flop (didn't bet)
Seat 6: 5b17f419 folded before Flop (didn't bet)


Poker Hand #RC1355575888: Hold'em No Limit  ($0.05/$0.1) - 2023/02/20 11:20:40
Table 'RushAndCash12771148' 6-max Seat #1 is the button
Seat 1: Hero ($17.25 in chips)
Seat 2: e5220d01 ($10.05 in chips)
Seat 3: a2d92c46 ($10.75 in chips)
Seat 4: 4970fa20 ($5.99 in chips)
Seat 5: 2300777e ($29.86 in chips)
Seat 6: 57060f78 ($12.44 in chips)
e5220d01: posts small blind $0.05
a2d92c46: posts big blind $0.1
*** HOLE CARDS ***
Dealt to Hero [2c 5c]
Dealt to e5220d01 
Dealt to a2d92c46 
Dealt to 4970fa20 
Dealt to 2300777e 
Dealt to 57060f78 
4970fa20: raises $0.1 to $0.2
2300777e: folds
57060f78: folds
Hero: folds
e5220d01: folds
a2d92c46: folds
Uncalled bet ($0.1) returned to 4970fa20
*** SHOWDOWN ***
4970fa20 collected $0.25 from pot
*** SUMMARY ***
Total pot $0.25 | Rake $0 | Jackpot $0 | Bingo $0 | Fortune $0
Seat 1: Hero (button) folded before Flop (didn't bet)
Seat 2: e5220d01 (small blind) folded before Flop
Seat 3: a2d92c46 (big blind) folded before Flop
Seat 4: 4970fa20 collected ($0.25)
Seat 5: 2300777e folded before Flop (didn't bet)
Seat 6: 57060f78 folded before Flop (didn't bet)


Poker Hand #RC1355575862: Hold'em No Limit  ($0.05/$0.1) - 2023/02/20 11:20:35
Table 'RushAndCash12771122' 6-max Seat #1 is the button
Seat 1: 714ad84c ($10.33 in chips)
Seat 2: 893aee19 ($10.05 in chips)
Seat 3: 7312c6fb ($10 in chips)
Seat 4: ce0f5ec2 ($5.99 in chips)
Seat 5: 61bb595e ($14.44 in chips)
Seat 6: Hero ($17.25 in chips)
893aee19: posts small blind $0.05
7312c6fb: posts big blind $0.1
*** HOLE CARDS ***
Dealt to 714ad84c 
Dealt to 893aee19 
Dealt to 7312c6fb 
Dealt to ce0f5ec2 
Dealt to 61bb595e 
Dealt to Hero [4d Qh]
ce0f5ec2: folds
61bb595e: raises $0.15 to $0.25
Hero: folds
714ad84c: folds
893aee19: calls $0.2
7312c6fb: folds
*** FLOP *** [8h 5s Jh]
893aee19: checks
61bb595e: bets $0.2
893aee19: calls $0.2
*** TURN *** [8h 5s Jh] [Kd]
893aee19: checks
61bb595e: bets $0.75
893aee19: folds
Uncalled bet ($0.75) returned to 61bb595e
*** SHOWDOWN ***
61bb595e collected $0.95 from pot
*** SUMMARY ***
Total pot $1 | Rake $0.05 | Jackpot $0 | Bingo $0 | Fortune $0
Board [8h 5s Jh Kd]
Seat 1: 714ad84c (button) folded before Flop (didn't bet)
Seat 2: 893aee19 (small blind) folded on the Turn
Seat 3: 7312c6fb (big blind) folded before Flop
Seat 4: ce0f5ec2 folded before Flop (didn't bet)
Seat 5: 61bb595e won ($0.95)
Seat 6: Hero folded before Flop (didn't bet)


Poker Hand #RC1355575795: Hold'em No Limit  ($0.05/$0.1) - 2023/02/20 11:20:20
Table 'RushAndCash12771055' 6-max Seat #1 is the button
Seat 1: 88840013 ($10.39 in chips)
Seat 2: 2cb52034 ($32.92 in chips)
Seat 3: Hero ($17.35 in chips)
Seat 4: 71162434 ($10.15 in chips)
Seat 5: d7fcce4c ($15.32 in chips)
Seat 6: a6303c31 ($14.83 in chips)
2cb52034: posts small blind $0.05
Hero: posts big blind $0.1
*** HOLE CARDS ***
Dealt to 88840013 
Dealt to 2cb52034 
Dealt to Hero [2d 4c]
Dealt to 71162434 
Dealt to d7fcce4c 
Dealt to a6303c31 
71162434: folds
d7fcce4c: folds
a6303c31: folds
88840013: raises $0.15 to $0.25
2cb52034: folds
Hero: folds
Uncalled bet ($0.15) returned to 88840013
*** SHOWDOWN ***
88840013 collected $0.25 from pot
*** SUMMARY ***
Total pot $0.25 | Rake $0 | Jackpot $0 | Bingo $0 | Fortune $0
Seat 1: 88840013 (button) collected ($0.25)
Seat 2: 2cb52034 (small blind) folded before Flop
Seat 3: Hero (big blind) folded before Flop
Seat 4: 71162434 folded before Flop (didn't bet)
Seat 5: d7fcce4c folded before Flop (didn't bet)
Seat 6: a6303c31 folded before Flop (didn't bet)


Poker Hand #RC1355575758: Hold'em No Limit  ($0.05/$0.1) - 2023/02/20 11:20:11
Table 'RushAndCash12771018' 6-max Seat #1 is the button
Seat 1: 81324c38 ($12.06 in chips)
Seat 2: 848d138a ($21.18 in chips)
Seat 3: c41a834 ($11.62 in chips)
Seat 4: 883615b2 ($8.83 in chips)
Seat 5: Hero ($17.35 in chips)
Seat 6: 1f2a5da6 ($1.78 in chips)
848d138a: posts small blind $0.05
c41a834: posts big blind $0.1
*** HOLE CARDS ***
Dealt to 81324c38 
Dealt to 848d138a 
Dealt to c41a834 
Dealt to 883615b2 
Dealt to Hero [7s 6h]
Dealt to 1f2a5da6 
883615b2: folds
Hero: folds
1f2a5da6: raises $0.1 to $0.2
81324c38: folds
848d138a: folds
c41a834: calls $0.1
*** FLOP *** [6d Kd Jh]
c41a834: checks
1f2a5da6: bets $0.25
c41a834: raises $1.75 to $2
1f2a5da6: calls $1.33 and is all-in
Uncalled bet ($0.42) returned to c41a834
c41a834: shows [Js Kh] (Pair of Kings and Pair of Jacks)
1f2a5da6: shows [5d 8d] (King-High)
*** TURN *** [6d Kd Jh] [Qc]
*** RIVER *** [6d Kd Jh Qc] [5c]
*** SHOWDOWN ***
c41a834 collected $3.29 from pot
*** SUMMARY ***
Total pot $3.61 | Rake $0.17 | Jackpot $0.15 | Bingo $0 | Fortune $0
Board [6d Kd Jh Qc 5c]
Seat 1: 81324c38 (button) folded before Flop (didn't bet)
Seat 2: 848d138a (small blind) folded before Flop
Seat 3: c41a834 (big blind) showed [Js Kh] and won ($3.29) with Pair of Kings and Pair of Jacks
Seat 4: 883615b2 folded before Flop (didn't bet)
Seat 5: Hero folded before Flop (didn't bet)
Seat 6: 1f2a5da6 showed [5d 8d] and lost with Pair of Fives


Poker Hand #RC1355575707: Hold'em No Limit  ($0.05/$0.1) - 2023/02/20 11:19:59
Table 'RushAndCash12770967' 6-max Seat #1 is the button
Seat 1: d65ac8be ($19.18 in chips)
Seat 2: 359671e3 ($59.47 in chips)
Seat 3: 50e7066b ($10.23 in chips)
Seat 4: cde9ae7f ($10.15 in chips)
Seat 5: 7b4698a2 ($11.73 in chips)
Seat 6: Hero ($17.2 in chips)
359671e3: posts small blind $0.05
50e7066b: posts big blind $0.1
*** HOLE CARDS ***
Dealt to d65ac8be 
Dealt to 359671e3 
Dealt to 50e7066b 
Dealt to cde9ae7f 
Dealt to 7b4698a2 
Dealt to Hero [Ah Qh]
cde9ae7f: folds
7b4698a2: folds
Hero: raises $0.15 to $0.25
d65ac8be: folds
359671e3: folds
50e7066b: folds
Uncalled bet ($0.15) returned to Hero
*** SHOWDOWN ***
Hero collected $0.25 from pot
*** SUMMARY ***
Total pot $0.25 | Rake $0 | Jackpot $0 | Bingo $0 | Fortune $0
Seat 1: d65ac8be (button) folded before Flop (didn't bet)
Seat 2: 359671e3 (small blind) folded before Flop
Seat 3: 50e7066b (big blind) folded before Flop
Seat 4: cde9ae7f folded before Flop (didn't bet)
Seat 5: 7b4698a2 folded before Flop (didn't bet)
Seat 6: Hero collected ($0.25)


Poker Hand #RC1355575285: Hold'em No Limit  ($0.05/$0.1) - 2023/02/20 11:18:26
Table 'RushAndCash12770545' 6-max Seat #1 is the button
Seat 1: Hero ($16.59 in chips)
Seat 2: 865f8821 ($10 in chips)
Seat 3: 5d76cbab ($10.1 in chips)
Seat 4: 9df24e0e ($10 in chips)
Seat 5: 352dc59d ($11.21 in chips)
Seat 6: 2cfe2d56 ($9.09 in chips)
865f8821: posts small blind $0.05
5d76cbab: posts big blind $0.1
*** HOLE CARDS ***
Dealt to Hero [Jc Kc]
Dealt to 865f8821 
Dealt to 5d76cbab 
Dealt to 9df24e0e 
Dealt to 352dc59d 
Dealt to 2cfe2d56 
9df24e0e: folds
352dc59d: raises $0.1 to $0.2
2cfe2d56: calls $0.2
Hero: calls $0.2
865f8821: folds
5d76cbab: calls $0.1
*** FLOP *** [Th Kd 9d]
5d76cbab: checks
352dc59d: checks
2cfe2d56: checks
Hero: bets $0.29
5d76cbab: folds
352dc59d: folds
2cfe2d56: folds
Uncalled bet ($0.29) returned to Hero
*** SHOWDOWN ***
Hero collected $0.81 from pot
*** SUMMARY ***
Total pot $0.85 | Rake $0.04 | Jackpot $0 | Bingo $0 | Fortune $0
Board [Th Kd 9d]
Seat 1: Hero (button) won ($0.81)
Seat 2: 865f8821 (small blind) folded before Flop
Seat 3: 5d76cbab (big blind) folded on the Flop
Seat 4: 9df24e0e folded before Flop (didn't bet)
Seat 5: 352dc59d folded on the Flop
Seat 6: 2cfe2d56 folded on the Flop


Poker Hand #RC1355575251: Hold'em No Limit  ($0.05/$0.1) - 2023/02/20 11:18:18
Table 'RushAndCash12770511' 6-max Seat #1 is the button
Seat 1: ef52c9d2 ($11.84 in chips)
Seat 2: 18ef0468 ($46.89 in chips)
Seat 3: f6357cae ($7.37 in chips)
Seat 4: 2f38a5ae ($15.78 in chips)
Seat 5: 75e46f84 ($14.6 in chips)
Seat 6: Hero ($16.59 in chips)
18ef0468: posts small blind $0.05
f6357cae: posts big blind $0.1
*** HOLE CARDS ***
Dealt to ef52c9d2 
Dealt to 18ef0468 
Dealt to f6357cae 
Dealt to 2f38a5ae 
Dealt to 75e46f84 
Dealt to Hero [Qs 7d]
2f38a5ae: folds
75e46f84: folds
Hero: folds
ef52c9d2: folds
18ef0468: folds
Uncalled bet ($0.05) returned to f6357cae
*** SHOWDOWN ***
f6357cae collected $0.1 from pot
*** SUMMARY ***
Total pot $0.1 | Rake $0 | Jackpot $0 | Bingo $0 | Fortune $0
Seat 1: ef52c9d2 (button) folded before Flop (didn't bet)
Seat 2: 18ef0468 (small blind) folded before Flop
Seat 3: f6357cae (big blind) collected ($0.1)
Seat 4: 2f38a5ae folded before Flop (didn't bet)
Seat 5: 75e46f84 folded before Flop (didn't bet)
Seat 6: Hero folded before Flop (didn't bet)


Poker Hand #RC1355574951: Hold'em No Limit  ($0.05/$0.1) - 2023/02/20 11:17:06
Table 'RushAndCash12770211' 6-max Seat #1 is the button
Seat 1: 4d714b98 ($51.94 in chips)
Seat 2: Hero ($16.09 in chips)
Seat 3: 2f38a5ae ($16.33 in chips)
Seat 4: c7778375 ($24.24 in chips)
Seat 5: 8dc8a5a9 ($10.96 in chips)
Seat 6: ec94412a ($7.93 in chips)
Hero: posts small blind $0.05
2f38a5ae: posts big blind $0.1
*** HOLE CARDS ***
Dealt to 4d714b98 
Dealt to Hero [9d Qc]
Dealt to 2f38a5ae 
Dealt to c7778375 
Dealt to 8dc8a5a9 
Dealt to ec94412a 
c7778375: folds
8dc8a5a9: folds
ec94412a: folds
4d714b98: folds
Hero: raises $0.2 to $0.3
2f38a5ae: calls $0.2
*** FLOP *** [2h Jh 9c]
Hero: checks
2f38a5ae: checks
*** TURN *** [2h Jh 9c] [9s]
Hero: bets $0.25
2f38a5ae: calls $0.25
*** RIVER *** [2h Jh 9c 9s] [Ks]
Hero: bets $0.55
2f38a5ae: folds
Uncalled bet ($0.55) returned to Hero
*** SHOWDOWN ***
Hero collected $1.05 from pot
*** SUMMARY ***
Total pot $1.1 | Rake $0.05 | Jackpot $0 | Bingo $0 | Fortune $0
Board [2h Jh 9c 9s Ks]
Seat 1: 4d714b98 (button) folded before Flop (didn't bet)
Seat 2: Hero (small blind) won ($1.05)
Seat 3: 2f38a5ae (big blind) folded on the River
Seat 4: c7778375 folded before Flop (didn't bet)
Seat 5: 8dc8a5a9 folded before Flop (didn't bet)
Seat 6: ec94412a folded before Flop (didn't bet)


Poker Hand #RC1355524637: Hold'em No Limit  ($0.05/$0.1) - 2023/02/20 11:15:56
Table 'RushAndCash12769897' 6-max Seat #1 is the button
Seat 1: 77330f06 ($7.19 in chips)
Seat 2: 62d164e9 ($27.96 in chips)
Seat 3: Hero ($16.19 in chips)
Seat 4: 8f5bd1ab ($11.37 in chips)
Seat 5: 86794859 ($56.93 in chips)
Seat 6: 276cfbf7 ($10 in chips)
62d164e9: posts small blind $0.05
Hero: posts big blind $0.1
*** HOLE CARDS ***
Dealt to 77330f06 
Dealt to 62d164e9 
Dealt to Hero [Ad 6h]
Dealt to 8f5bd1ab 
Dealt to 86794859 
Dealt to 276cfbf7 
8f5bd1ab: folds
86794859: folds
276cfbf7: raises $0.13 to $0.23
77330f06: calls $0.23
62d164e9: folds
Hero: folds
*** FLOP *** [Kc 6c Ks]
276cfbf7: bets $0.21
77330f06: folds
Uncalled bet ($0.21) returned to 276cfbf7
*** SHOWDOWN ***
276cfbf7 collected $0.58 from pot
*** SUMMARY ***
Total pot $0.61 | Rake $0.03 | Jackpot $0 | Bingo $0 | Fortune $0
Board [Kc 6c Ks]
Seat 1: 77330f06 (button) folded on the Flop
Seat 2: 62d164e9 (small blind) folded before Flop
Seat 3: Hero (big blind) folded before Flop
Seat 4: 8f5bd1ab folded before Flop (didn't bet)
Seat 5: 86794859 folded before Flop (didn't bet)
Seat 6: 276cfbf7 won ($0.58)


Poker Hand #RC1355524600: Hold'em No Limit  ($0.05/$0.1) - 2023/02/20 11:15:49
Table 'RushAndCash12769860' 6-max Seat #1 is the button
Seat 1: 406c4b52 ($15.39 in chips)
Seat 2: 4dfbce84 ($7.69 in chips)
Seat 3: 5d2ac7f8 ($10 in chips)
Seat 4: Hero ($16.19 in chips)
Seat 5: 61bb595e ($11.11 in chips)
Seat 6: c652516f ($19.63 in chips)
4dfbce84: posts small blind $0.05
5d2ac7f8: posts big blind $0.1
*** HOLE CARDS ***
Dealt to 406c4b52 
Dealt to 4dfbce84 
Dealt to 5d2ac7f8 
Dealt to Hero [3s Ks]
Dealt to 61bb595e 
Dealt to c652516f 
Hero: folds
61bb595e: folds
c652516f: folds
406c4b52: folds
4dfbce84: raises $0.1 to $0.2
5d2ac7f8: folds
Uncalled bet ($0.1) returned to 4dfbce84
*** SHOWDOWN ***
4dfbce84 collected $0.2 from pot
*** SUMMARY ***
Total pot $0.2 | Rake $0 | Jackpot $0 | Bingo $0 | Fortune $0
Seat 1: 406c4b52 (button) folded before Flop (didn't bet)
Seat 2: 4dfbce84 (small blind) collected ($0.2)
Seat 3: 5d2ac7f8 (big blind) folded before Flop
Seat 4: Hero folded before Flop (didn't bet)
Seat 5: 61bb595e folded before Flop (didn't bet)
Seat 6: c652516f folded before Flop (didn't bet)


Poker Hand #RC1355524563: Hold'em No Limit  ($0.05/$0.1) - 2023/02/20 11:15:41
Table 'RushAndCash12769823' 6-max Seat #1 is the button
Seat 1: cba8e988 ($13.57 in chips)
Seat 2: c57a304e ($10.55 in chips)
Seat 3: 7ccce496 ($10.1 in chips)
Seat 4: 8f5bd1ab ($11.47 in chips)
Seat 5: 5fd3e547 ($35.6 in chips)
Seat 6: Hero ($16.19 in chips)
c57a304e: posts small blind $0.05
7ccce496: posts big blind $0.1
*** HOLE CARDS ***
Dealt to cba8e988 
Dealt to c57a304e 
Dealt to 7ccce496 
Dealt to 8f5bd1ab 
Dealt to 5fd3e547 
Dealt to Hero [4s Tc]
8f5bd1ab: folds
5fd3e547: folds
Hero: folds
cba8e988: raises $0.12 to $0.22
c57a304e: folds
7ccce496: raises $1.58 to $1.8
cba8e988: folds
Uncalled bet ($1.58) returned to 7ccce496
*** SHOWDOWN ***
7ccce496 collected $0.47 from pot
*** SUMMARY ***
Total pot $0.49 | Rake $0.02 | Jackpot $0 | Bingo $0 | Fortune $0
Seat 1: cba8e988 (button) folded before Flop
Seat 2: c57a304e (small blind) folded before Flop
Seat 3: 7ccce496 (big blind) collected ($0.47)
Seat 4: 8f5bd1ab folded before Flop (didn't bet)
Seat 5: 5fd3e547 folded before Flop (didn't bet)
Seat 6: Hero folded before Flop (didn't bet)


Poker Hand #RC1355524530: Hold'em No Limit  ($0.05/$0.1) - 2023/02/20 11:15:34
Table 'RushAndCash12769790' 6-max Seat #1 is the button
Seat 1: 8f5bd1ab ($11.47 in chips)
Seat 2: 88d8fc6b ($10.15 in chips)
Seat 3: 61114a2 ($27.34 in chips)
Seat 4: c57a304e ($10.55 in chips)
Seat 5: b8fd7d17 ($28.27 in chips)
Seat 6: Hero ($16.19 in chips)
88d8fc6b: posts small blind $0.05
61114a2: posts big blind $0.1
*** HOLE CARDS ***
Dealt to 8f5bd1ab 
Dealt to 88d8fc6b 
Dealt to 61114a2 
Dealt to c57a304e 
Dealt to b8fd7d17 
Dealt to Hero [2d Ac]
c57a304e: folds
b8fd7d17: folds
Hero: folds
8f5bd1ab: folds
88d8fc6b: folds
Uncalled bet ($0.05) returned to 61114a2
*** SHOWDOWN ***
61114a2 collected $0.1 from pot
*** SUMMARY ***
Total pot $0.1 | Rake $0 | Jackpot $0 | Bingo $0 | Fortune $0
Seat 1: 8f5bd1ab (button) folded before Flop (didn't bet)
Seat 2: 88d8fc6b (small blind) folded before Flop
Seat 3: 61114a2 (big blind) collected ($0.1)
Seat 4: c57a304e folded before Flop (didn't bet)
Seat 5: b8fd7d17 folded before Flop (didn't bet)
Seat 6: Hero folded before Flop (didn't bet)


Poker Hand #RC1355524510: Hold'em No Limit  ($0.05/$0.1) - 2023/02/20 11:15:30
Table 'RushAndCash12769770' 6-max Seat #1 is the button
Seat 1: 836a528f ($11.66 in chips)
Seat 2: Hero ($16.24 in chips)
Seat 3: cde9ae7f ($10.1 in chips)
Seat 4: 2548617d ($10.23 in chips)
Seat 5: 29970b80 ($17 in chips)
Seat 6: 155a9975 ($10.3 in chips)
Hero: posts small blind $0.05
cde9ae7f: posts big blind $0.1
*** HOLE CARDS ***
Dealt to 836a528f 
Dealt to Hero [Qh 3s]
Dealt to cde9ae7f 
Dealt to 2548617d 
Dealt to 29970b80 
Dealt to 155a9975 
2548617d: folds
29970b80: folds
155a9975: folds
836a528f: raises $0.14 to $0.24
Hero: folds
cde9ae7f: folds
Uncalled bet ($0.14) returned to 836a528f
*** SHOWDOWN ***
836a528f collected $0.25 from pot
*** SUMMARY ***
Total pot $0.25 | Rake $0 | Jackpot $0 | Bingo $0 | Fortune $0
Seat 1: 836a528f (button) collected ($0.25)
Seat 2: Hero (small blind) folded before Flop
Seat 3: cde9ae7f (big blind) folded before Flop
Seat 4: 2548617d folded before Flop (didn't bet)
Seat 5: 29970b80 folded before Flop (didn't bet)
Seat 6: 155a9975 folded before Flop (didn't bet)


Poker Hand #RC1355524491: Hold'em No Limit  ($0.05/$0.1) - 2023/02/20 11:15:25
Table 'RushAndCash12769751' 6-max Seat #1 is the button
Seat 1: e83f0dcb ($22.04 in chips)
Seat 2: 7a4a6309 ($16 in chips)
Seat 3: a2d92c46 ($10 in chips)
Seat 4: Hero ($16.24 in chips)
Seat 5: e3016e25 ($11.14 in chips)
Seat 6: 702beefd ($46.47 in chips)
7a4a6309: posts small blind $0.05
a2d92c46: posts big blind $0.1
*** HOLE CARDS ***
Dealt to e83f0dcb 
Dealt to 7a4a6309 
Dealt to a2d92c46 
Dealt to Hero [6s Th]
Dealt to e3016e25 
Dealt to 702beefd 
Hero: folds
e3016e25: folds
702beefd: folds
e83f0dcb: raises $0.2 to $0.3
7a4a6309: folds
a2d92c46: raises $0.9 to $1.2
e83f0dcb: folds
Uncalled bet ($0.9) returned to a2d92c46
*** SHOWDOWN ***
a2d92c46 collected $0.62 from pot
*** SUMMARY ***
Total pot $0.65 | Rake $0.03 | Jackpot $0 | Bingo $0 | Fortune $0
Seat 1: e83f0dcb (button) folded before Flop
Seat 2: 7a4a6309 (small blind) folded before Flop
Seat 3: a2d92c46 (big blind) collected ($0.62)
Seat 4: Hero folded before Flop (didn't bet)
Seat 5: e3016e25 folded before Flop (didn't bet)
Seat 6: 702beefd folded before Flop (didn't bet)


Poker Hand #RC1355524451: Hold'em No Limit  ($0.05/$0.1) - 2023/02/20 11:15:16
Table 'RushAndCash12769711' 6-max Seat #1 is the button
Seat 1: efde04d8 ($32.6 in chips)
Seat 2: 7d43cbd5 ($10.84 in chips)
Seat 3: Hero ($16.34 in chips)
Seat 4: 76f16531 ($9.95 in chips)
Seat 5: d65ac8be ($18.4 in chips)
Seat 6: 88f8842e ($10.45 in chips)
7d43cbd5: posts small blind $0.05
Hero: posts big blind $0.1
*** HOLE CARDS ***
Dealt to efde04d8 
Dealt to 7d43cbd5 
Dealt to Hero [2s 5c]
Dealt to 76f16531 
Dealt to d65ac8be 
Dealt to 88f8842e 
76f16531: folds
d65ac8be: folds
88f8842e: raises $0.15 to $0.25
efde04d8: folds
7d43cbd5: folds
Hero: folds
Uncalled bet ($0.15) returned to 88f8842e
*** SHOWDOWN ***
88f8842e collected $0.25 from pot
*** SUMMARY ***
Total pot $0.25 | Rake $0 | Jackpot $0 | Bingo $0 | Fortune $0
Seat 1: efde04d8 (button) folded before Flop (didn't bet)
Seat 2: 7d43cbd5 (small blind) folded before Flop
Seat 3: Hero (big blind) folded before Flop
Seat 4: 76f16531 folded before Flop (didn't bet)
Seat 5: d65ac8be folded before Flop (didn't bet)
Seat 6: 88f8842e collected ($0.25)


Poker Hand #RC1355524218: Hold'em No Limit  ($0.05/$0.1) - 2023/02/20 11:14:28
Table 'RushAndCash12769478' 6-max Seat #1 is the button
Seat 1: Hero ($16.59 in chips)
Seat 2: bbc21d07 ($11.85 in chips)
Seat 3: a55a0186 ($10.37 in chips)
Seat 4: da94eb64 ($12.75 in chips)
Seat 5: c7903b58 ($11.95 in chips)
Seat 6: 46a789b9 ($10 in chips)
bbc21d07: posts small blind $0.05
a55a0186: posts big blind $0.1
*** HOLE CARDS ***
Dealt to Hero [Ah 7c]
Dealt to bbc21d07 
Dealt to a55a0186 
Dealt to da94eb64 
Dealt to c7903b58 
Dealt to 46a789b9 
da94eb64: folds
c7903b58: folds
46a789b9: folds
Hero: raises $0.15 to $0.25
bbc21d07: folds
a55a0186: raises $0.85 to $1.1
Hero: folds
Uncalled bet ($0.85) returned to a55a0186
*** SHOWDOWN ***
a55a0186 collected $0.53 from pot
*** SUMMARY ***
Total pot $0.55 | Rake $0.02 | Jackpot $0 | Bingo $0 | Fortune $0
Seat 1: Hero (button) folded before Flop
Seat 2: bbc21d07 (small blind) folded before Flop
Seat 3: a55a0186 (big blind) collected ($0.53)
Seat 4: da94eb64 folded before Flop (didn't bet)
Seat 5: c7903b58 folded before Flop (didn't bet)
Seat 6: 46a789b9 folded before Flop (didn't bet)


Poker Hand #RC1355524183: Hold'em No Limit  ($0.05/$0.1) - 2023/02/20 11:14:21
Table 'RushAndCash12769443' 6-max Seat #1 is the button
Seat 1: 9d1ca7d7 ($19.52 in chips)
Seat 2: 45c4e5fa ($13.69 in chips)
Seat 3: 680d1575 ($15.38 in chips)
Seat 4: c41a834 ($10.28 in chips)
Seat 5: Hero ($16.59 in chips)
Seat 6: b3bf6aef ($10 in chips)
45c4e5fa: posts small blind $0.05
680d1575: posts big blind $0.1
*** HOLE CARDS ***
Dealt to 9d1ca7d7 
Dealt to 45c4e5fa 
Dealt to 680d1575 
Dealt to c41a834 
Dealt to Hero [3s 7s]
Dealt to b3bf6aef 
c41a834: folds
Hero: folds
b3bf6aef: folds
9d1ca7d7: raises $0.15 to $0.25
45c4e5fa: folds
680d1575: folds
Uncalled bet ($0.15) returned to 9d1ca7d7
*** SHOWDOWN ***
9d1ca7d7 collected $0.25 from pot
*** SUMMARY ***
Total pot $0.25 | Rake $0 | Jackpot $0 | Bingo $0 | Fortune $0
Seat 1: 9d1ca7d7 (button) collected ($0.25)
Seat 2: 45c4e5fa (small blind) folded before Flop
Seat 3: 680d1575 (big blind) folded before Flop
Seat 4: c41a834 folded before Flop (didn't bet)
Seat 5: Hero folded before Flop (didn't bet)
Seat 6: b3bf6aef folded before Flop (didn't bet)


Poker Hand #RC1355524166: Hold'em No Limit  ($0.05/$0.1) - 2023/02/20 11:14:17
Table 'RushAndCash12769426' 6-max Seat #1 is the button
Seat 1: 4cde1c9e ($12.16 in chips)
Seat 2: aaef56cc ($24.19 in chips)
Seat 3: 7d43cbd5 ($11.24 in chips)
Seat 4: 52a8e9c6 ($10.38 in chips)
Seat 5: Hero ($16.59 in chips)
Seat 6: c1d82d5b ($10.1 in chips)
aaef56cc: posts small blind $0.05
7d43cbd5: posts big blind $0.1
*** HOLE CARDS ***
Dealt to 4cde1c9e 
Dealt to aaef56cc 
Dealt to 7d43cbd5 
Dealt to 52a8e9c6 
Dealt to Hero [Qd 2d]
Dealt to c1d82d5b 
52a8e9c6: folds
Hero: folds
c1d82d5b: folds
4cde1c9e: folds
aaef56cc: folds
Uncalled bet ($0.05) returned to 7d43cbd5
*** SHOWDOWN ***
7d43cbd5 collected $0.1 from pot
*** SUMMARY ***
Total pot $0.1 | Rake $0 | Jackpot $0 | Bingo $0 | Fortune $0
Seat 1: 4cde1c9e (button) folded before Flop (didn't bet)
Seat 2: aaef56cc (small blind) folded before Flop
Seat 3: 7d43cbd5 (big blind) collected ($0.1)
Seat 4: 52a8e9c6 folded before Flop (didn't bet)
Seat 5: Hero folded before Flop (didn't bet)
Seat 6: c1d82d5b folded before Flop (didn't bet)


Poker Hand #RC1355524130: Hold'em No Limit  ($0.05/$0.1) - 2023/02/20 11:14:09
Table 'RushAndCash12769390' 6-max Seat #1 is the button
Seat 1: Hero ($16.59 in chips)
Seat 2: a44fb43 ($73.36 in chips)
Seat 3: 359671e3 ($49.58 in chips)
Seat 4: ce0f5ec2 ($6.75 in chips)
Seat 5: 1013c7e6 ($10.9 in chips)
Seat 6: 362394ef ($10.72 in chips)
a44fb43: posts small blind $0.05
359671e3: posts big blind $0.1
*** HOLE CARDS ***
Dealt to Hero [2s Jh]
Dealt to a44fb43 
Dealt to 359671e3 
Dealt to ce0f5ec2 
Dealt to 1013c7e6 
Dealt to 362394ef 
ce0f5ec2: folds
1013c7e6: folds
362394ef: folds
Hero: folds
a44fb43: raises $0.2 to $0.3
359671e3: calls $0.2
*** FLOP *** [Jd 8h 2c]
a44fb43: bets $0.3
359671e3: folds
Uncalled bet ($0.3) returned to a44fb43
*** SHOWDOWN ***
a44fb43 collected $0.57 from pot
*** SUMMARY ***
Total pot $0.6 | Rake $0.03 | Jackpot $0 | Bingo $0 | Fortune $0
Board [Jd 8h 2c]
Seat 1: Hero (button) folded before Flop (didn't bet)
Seat 2: a44fb43 (small blind) won ($0.57)
Seat 3: 359671e3 (big blind) folded on the Flop
Seat 4: ce0f5ec2 folded before Flop (didn't bet)
Seat 5: 1013c7e6 folded before Flop (didn't bet)
Seat 6: 362394ef folded before Flop (didn't bet)


Poker Hand #RC1355524107: Hold'em No Limit  ($0.05/$0.1) - 2023/02/20 11:14:03
Table 'RushAndCash12769367' 6-max Seat #1 is the button
Seat 1: cccc7c65 ($11.52 in chips)
Seat 2: ed765358 ($10.15 in chips)
Seat 3: Hero ($16.69 in chips)
Seat 4: 79620228 ($11.25 in chips)
Seat 5: 4765e38e ($10.37 in chips)
Seat 6: 4e1d3e39 ($9.18 in chips)
ed765358: posts small blind $0.05
Hero: posts big blind $0.1
*** HOLE CARDS ***
Dealt to cccc7c65 
Dealt to ed765358 
Dealt to Hero [3h Qc]
Dealt to 79620228 
Dealt to 4765e38e 
Dealt to 4e1d3e39 
79620228: folds
4765e38e: folds
4e1d3e39: folds
cccc7c65: raises $0.17 to $0.27
ed765358: folds
Hero: folds
Uncalled bet ($0.17) returned to cccc7c65
*** SHOWDOWN ***
cccc7c65 collected $0.25 from pot
*** SUMMARY ***
Total pot $0.25 | Rake $0 | Jackpot $0 | Bingo $0 | Fortune $0
Seat 1: cccc7c65 (button) collected ($0.25)
Seat 2: ed765358 (small blind) folded before Flop
Seat 3: Hero (big blind) folded before Flop
Seat 4: 79620228 folded before Flop (didn't bet)
Seat 5: 4765e38e folded before Flop (didn't bet)
Seat 6: 4e1d3e39 folded before Flop (didn't bet)


Poker Hand #RC1355524053: Hold'em No Limit  ($0.05/$0.1) - 2023/02/20 11:13:53
Table 'RushAndCash12769313' 6-max Seat #1 is the button
Seat 1: b877f80b ($21.12 in chips)
Seat 2: Hero ($16.59 in chips)
Seat 3: 2cfe2d56 ($7.82 in chips)
Seat 4: a9e8564a ($19.01 in chips)
Seat 5: 66d69d47 ($20.34 in chips)
Seat 6: d079ab9a ($10.52 in chips)
Hero: posts small blind $0.05
2cfe2d56: posts big blind $0.1
*** HOLE CARDS ***
Dealt to b877f80b 
Dealt to Hero [Kh Qc]
Dealt to 2cfe2d56 
Dealt to a9e8564a 
Dealt to 66d69d47 
Dealt to d079ab9a 
a9e8564a: folds
66d69d47: folds
d079ab9a: folds
b877f80b: folds
Hero: raises $0.2 to $0.3
2cfe2d56: folds
Uncalled bet ($0.2) returned to Hero
*** SHOWDOWN ***
Hero collected $0.2 from pot
*** SUMMARY ***
Total pot $0.2 | Rake $0 | Jackpot $0 | Bingo $0 | Fortune $0
Seat 1: b877f80b (button) folded before Flop (didn't bet)
Seat 2: Hero (small blind) collected ($0.2)
Seat 3: 2cfe2d56 (big blind) folded before Flop
Seat 4: a9e8564a folded before Flop (didn't bet)
Seat 5: 66d69d47 folded before Flop (didn't bet)
Seat 6: d079ab9a folded before Flop (didn't bet)


Poker Hand #RC1355523992: Hold'em No Limit  ($0.05/$0.1) - 2023/02/20 11:13:41
Table 'RushAndCash12769252' 6-max Seat #1 is the button
Seat 1: 32fdfdec ($13.69 in chips)
Seat 2: bacee6ac ($10.15 in chips)
Seat 3: 79620228 ($11.4 in chips)
Seat 4: 4e1d3e39 ($9.43 in chips)
Seat 5: 4765e38e ($10 in chips)
Seat 6: Hero ($16.59 in chips)
bacee6ac: posts small blind $0.05
79620228: posts big blind $0.1
*** HOLE CARDS ***
Dealt to 32fdfdec 
Dealt to bacee6ac 
Dealt to 79620228 
Dealt to 4e1d3e39 
Dealt to 4765e38e 
Dealt to Hero [Td Kd]
4e1d3e39: raises $0.15 to $0.25
4765e38e: raises $0.52 to $0.77
Hero: folds
32fdfdec: folds
bacee6ac: folds
79620228: folds
4e1d3e39: folds
Uncalled bet ($0.52) returned to 4765e38e
*** SHOWDOWN ***
4765e38e collected $0.62 from pot
*** SUMMARY ***
Total pot $0.65 | Rake $0.03 | Jackpot $0 | Bingo $0 | Fortune $0
Seat 1: 32fdfdec (button) folded before Flop (didn't bet)
Seat 2: bacee6ac (small blind) folded before Flop
Seat 3: 79620228 (big blind) folded before Flop
Seat 4: 4e1d3e39 folded before Flop
Seat 5: 4765e38e collected ($0.62)
Seat 6: Hero folded before Flop (didn't bet)


Poker Hand #RC1355523966: Hold'em No Limit  ($0.05/$0.1) - 2023/02/20 11:13:35
Table 'RushAndCash12769226' 6-max Seat #1 is the button
Seat 1: e6e485f9 ($9.5 in chips)
Seat 2: 41ca4da0 ($10 in chips)
Seat 3: d079ab9a ($10.67 in chips)
Seat 4: a53fa72 ($10.48 in chips)
Seat 5: Hero ($16.59 in chips)
Seat 6: bacee6ac ($10.15 in chips)
41ca4da0: posts small blind $0.05
d079ab9a: posts big blind $0.1
*** HOLE CARDS ***
Dealt to e6e485f9 
Dealt to 41ca4da0 
Dealt to d079ab9a 
Dealt to a53fa72 
Dealt to Hero [8h 6h]
Dealt to bacee6ac 
a53fa72: folds
Hero: folds
bacee6ac: folds
e6e485f9: raises $0.15 to $0.25
41ca4da0: folds
d079ab9a: folds
Uncalled bet ($0.15) returned to e6e485f9
*** SHOWDOWN ***
e6e485f9 collected $0.25 from pot
*** SUMMARY ***
Total pot $0.25 | Rake $0 | Jackpot $0 | Bingo $0 | Fortune $0
Seat 1: e6e485f9 (button) collected ($0.25)
Seat 2: 41ca4da0 (small blind) folded before Flop
Seat 3: d079ab9a (big blind) folded before Flop
Seat 4: a53fa72 folded before Flop (didn't bet)
Seat 5: Hero folded before Flop (didn't bet)
Seat 6: bacee6ac folded before Flop (didn't bet)


Poker Hand #RC1355523920: Hold'em No Limit  ($0.05/$0.1) - 2023/02/20 11:13:25
Table 'RushAndCash12769180' 6-max Seat #1 is the button
Seat 1: 77330f06 ($7.07 in chips)
Seat 2: 32fdfdec ($13.59 in chips)
Seat 3: abca84d6 ($26.63 in chips)
Seat 4: d4d2e77b ($9.74 in chips)
Seat 5: ba0a127 ($10.23 in chips)
Seat 6: Hero ($16.59 in chips)
32fdfdec: posts small blind $0.05
abca84d6: posts big blind $0.1
*** HOLE CARDS ***
Dealt to 77330f06 
Dealt to 32fdfdec 
Dealt to abca84d6 
Dealt to d4d2e77b 
Dealt to ba0a127 
Dealt to Hero [7c 4d]
d4d2e77b: folds
ba0a127: folds
Hero: folds
77330f06: folds
32fdfdec: raises $0.27 to $0.37
abca84d6: folds
Uncalled bet ($0.27) returned to 32fdfdec
*** SHOWDOWN ***
32fdfdec collected $0.2 from pot
*** SUMMARY ***
Total pot $0.2 | Rake $0 | Jackpot $0 | Bingo $0 | Fortune $0
Seat 1: 77330f06 (button) folded before Flop (didn't bet)
Seat 2: 32fdfdec (small blind) collected ($0.2)
Seat 3: abca84d6 (big blind) folded before Flop
Seat 4: d4d2e77b folded before Flop (didn't bet)
Seat 5: ba0a127 folded before Flop (didn't bet)
Seat 6: Hero folded before Flop (didn't bet)


Poker Hand #RC1355523856: Hold'em No Limit  ($0.05/$0.1) - 2023/02/20 11:13:10
Table 'RushAndCash12769116' 6-max Seat #1 is the button
Seat 1: Hero ($16.59 in chips)
Seat 2: 43ceaf6f ($15.69 in chips)
Seat 3: 5c0f15e2 ($31.09 in chips)
Seat 4: d27250b7 ($15.72 in chips)
Seat 5: 9afbe6d2 ($18.23 in chips)
Seat 6: 3e57b2f3 ($10.42 in chips)
43ceaf6f: posts small blind $0.05
5c0f15e2: posts big blind $0.1
*** HOLE CARDS ***
Dealt to Hero [Kh 7s]
Dealt to 43ceaf6f 
Dealt to 5c0f15e2 
Dealt to d27250b7 
Dealt to 9afbe6d2 
Dealt to 3e57b2f3 
d27250b7: raises $0.1 to $0.2
9afbe6d2: folds
3e57b2f3: folds
Hero: folds
43ceaf6f: calls $0.15
5c0f15e2: folds
*** FLOP *** [6d 3d 5d]
43ceaf6f: checks
d27250b7: checks
*** TURN *** [6d 3d 5d] [7h]
43ceaf6f: checks
d27250b7: bets $0.5
43ceaf6f: calls $0.5
*** RIVER *** [6d 3d 5d 7h] [8h]
43ceaf6f: checks
d27250b7: bets $1.5
43ceaf6f: folds
Uncalled bet ($1.5) returned to d27250b7
*** SHOWDOWN ***
d27250b7 collected $1.43 from pot
*** SUMMARY ***
Total pot $1.5 | Rake $0.07 | Jackpot $0 | Bingo $0 | Fortune $0
Board [6d 3d 5d 7h 8h]
Seat 1: Hero (button) folded before Flop (didn't bet)
Seat 2: 43ceaf6f (small blind) folded on the River
Seat 3: 5c0f15e2 (big blind) folded before Flop
Seat 4: d27250b7 won ($1.43)
Seat 5: 9afbe6d2 folded before Flop (didn't bet)
Seat 6: 3e57b2f3 folded before Flop (didn't bet)


Poker Hand #RC1355523788: Hold'em No Limit  ($0.05/$0.1) - 2023/02/20 11:12:56
Table 'RushAndCash12769048' 6-max Seat #1 is the button
Seat 1: 285c3043 ($14.03 in chips)
Seat 2: Hero ($16.49 in chips)
Seat 3: b378aa87 ($9.86 in chips)
Seat 4: d1370ca7 ($8.7 in chips)
Seat 5: e3d8fe88 ($20 in chips)
Seat 6: 84079696 ($10.3 in chips)
Hero: posts small blind $0.05
b378aa87: posts big blind $0.1
*** HOLE CARDS ***
Dealt to 285c3043 
Dealt to Hero [6d Jd]
Dealt to b378aa87 
Dealt to d1370ca7 
Dealt to e3d8fe88 
Dealt to 84079696 
d1370ca7: folds
e3d8fe88: folds
84079696: folds
285c3043: folds
Hero: raises $0.2 to $0.3
b378aa87: folds
Uncalled bet ($0.2) returned to Hero
*** SHOWDOWN ***
Hero collected $0.2 from pot
*** SUMMARY ***
Total pot $0.2 | Rake $0 | Jackpot $0 | Bingo $0 | Fortune $0
Seat 1: 285c3043 (button) folded before Flop (didn't bet)
Seat 2: Hero (small blind) collected ($0.2)
Seat 3: b378aa87 (big blind) folded before Flop
Seat 4: d1370ca7 folded before Flop (didn't bet)
Seat 5: e3d8fe88 folded before Flop (didn't bet)
Seat 6: 84079696 folded before Flop (didn't bet)


Poker Hand #RC1355523766: Hold'em No Limit  ($0.05/$0.1) - 2023/02/20 11:12:51
Table 'RushAndCash12769026' 6-max Seat #1 is the button
Seat 1: 5e903b16 ($10 in chips)
Seat 2: 113f4408 ($15.03 in chips)
Seat 3: Hero ($16.59 in chips)
Seat 4: cd0747a6 ($10 in chips)
Seat 5: cc5ee1aa ($20.71 in chips)
Seat 6: 680d1575 ($14.68 in chips)
113f4408: posts small blind $0.05
Hero: posts big blind $0.1
*** HOLE CARDS ***
Dealt to 5e903b16 
Dealt to 113f4408 
Dealt to Hero [2d 8d]
Dealt to cd0747a6 
Dealt to cc5ee1aa 
Dealt to 680d1575 
cd0747a6: folds
cc5ee1aa: folds
680d1575: folds
5e903b16: folds
113f4408: raises $0.15 to $0.25
Hero: folds
Uncalled bet ($0.15) returned to 113f4408
*** SHOWDOWN ***
113f4408 collected $0.2 from pot
*** SUMMARY ***
Total pot $0.2 | Rake $0 | Jackpot $0 | Bingo $0 | Fortune $0
Seat 1: 5e903b16 (button) folded before Flop (didn't bet)
Seat 2: 113f4408 (small blind) collected ($0.2)
Seat 3: Hero (big blind) folded before Flop
Seat 4: cd0747a6 folded before Flop (didn't bet)
Seat 5: cc5ee1aa folded before Flop (didn't bet)
Seat 6: 680d1575 folded before Flop (didn't bet)


Poker Hand #RC1355523741: Hold'em No Limit  ($0.05/$0.1) - 2023/02/20 11:12:47
Table 'RushAndCash12769001' 6-max Seat #1 is the button
Seat 1: 1e26a60d ($13.94 in chips)
Seat 2: 5e903b16 ($10 in chips)
Seat 3: cffa4d81 ($32.23 in chips)
Seat 4: Hero ($16.59 in chips)
Seat 5: 2e685256 ($15.73 in chips)
Seat 6: a1f81c93 ($10 in chips)
5e903b16: posts small blind $0.05
cffa4d81: posts big blind $0.1
*** HOLE CARDS ***
Dealt to 1e26a60d 
Dealt to 5e903b16 
Dealt to cffa4d81 
Dealt to Hero [3c Tc]
Dealt to 2e685256 
Dealt to a1f81c93 
Hero: folds
2e685256: folds
a1f81c93: raises $0.12 to $0.22
1e26a60d: folds
5e903b16: folds
cffa4d81: folds
Uncalled bet ($0.12) returned to a1f81c93
*** SHOWDOWN ***
a1f81c93 collected $0.25 from pot
*** SUMMARY ***
Total pot $0.25 | Rake $0 | Jackpot $0 | Bingo $0 | Fortune $0
Seat 1: 1e26a60d (button) folded before Flop (didn't bet)
Seat 2: 5e903b16 (small blind) folded before Flop
Seat 3: cffa4d81 (big blind) folded before Flop
Seat 4: Hero folded before Flop (didn't bet)
Seat 5: 2e685256 folded before Flop (didn't bet)
Seat 6: a1f81c93 collected ($0.25)


Poker Hand #RC1355523676: Hold'em No Limit  ($0.05/$0.1) - 2023/02/20 11:12:34
Table 'RushAndCash12768936' 6-max Seat #1 is the button
Seat 1: 8dc8a5a9 ($10.51 in chips)
Seat 2: 8f5bd1ab ($11.04 in chips)
Seat 3: edfcd644 ($11.75 in chips)
Seat 4: Hero ($16.44 in chips)
Seat 5: 32c3d56c ($19.3 in chips)
Seat 6: 2f38a5ae ($18.93 in chips)
8f5bd1ab: posts small blind $0.05
edfcd644: posts big blind $0.1
*** HOLE CARDS ***
Dealt to 8dc8a5a9 
Dealt to 8f5bd1ab 
Dealt to edfcd644 
Dealt to Hero [Ts Tc]
Dealt to 32c3d56c 
Dealt to 2f38a5ae 
Hero: raises $0.15 to $0.25
32c3d56c: folds
2f38a5ae: folds
8dc8a5a9: folds
8f5bd1ab: folds
edfcd644: folds
Uncalled bet ($0.15) returned to Hero
*** SHOWDOWN ***
Hero collected $0.25 from pot
*** SUMMARY ***
Total pot $0.25 | Rake $0 | Jackpot $0 | Bingo $0 | Fortune $0
Seat 1: 8dc8a5a9 (button) folded before Flop (didn't bet)
Seat 2: 8f5bd1ab (small blind) folded before Flop
Seat 3: edfcd644 (big blind) folded before Flop
Seat 4: Hero collected ($0.25)
Seat 5: 32c3d56c folded before Flop (didn't bet)
Seat 6: 2f38a5ae folded before Flop (didn't bet)


Poker Hand #RC1355523653: Hold'em No Limit  ($0.05/$0.1) - 2023/02/20 11:12:30
Table 'RushAndCash12768913' 6-max Seat #1 is the button
Seat 1: 61bb595e ($10 in chips)
Seat 2: 620ebc52 ($44.66 in chips)
Seat 3: 4765e38e ($10 in chips)
Seat 4: 5f525121 ($9.64 in chips)
Seat 5: 45c4e5fa ($18.76 in chips)
Seat 6: Hero ($16.44 in chips)
620ebc52: posts small blind $0.05
4765e38e: posts big blind $0.1
*** HOLE CARDS ***
Dealt to 61bb595e 
Dealt to 620ebc52 
Dealt to 4765e38e 
Dealt to 5f525121 
Dealt to 45c4e5fa 
Dealt to Hero [Js 2h]
5f525121: folds
45c4e5fa: folds
Hero: folds
61bb595e: folds
620ebc52: raises $0.25 to $0.35
4765e38e: folds
Uncalled bet ($0.25) returned to 620ebc52
*** SHOWDOWN ***
620ebc52 collected $0.2 from pot
*** SUMMARY ***
Total pot $0.2 | Rake $0 | Jackpot $0 | Bingo $0 | Fortune $0
Seat 1: 61bb595e (button) folded before Flop (didn't bet)
Seat 2: 620ebc52 (small blind) collected ($0.2)
Seat 3: 4765e38e (big blind) folded before Flop
Seat 4: 5f525121 folded before Flop (didn't bet)
Seat 5: 45c4e5fa folded before Flop (didn't bet)
Seat 6: Hero folded before Flop (didn't bet)


Poker Hand #RC1355523328: Hold'em No Limit  ($0.05/$0.1) - 2023/02/20 11:11:20
Table 'RushAndCash12768588' 6-max Seat #1 is the button
Seat 1: Hero ($16.44 in chips)
Seat 2: 682d6d30 ($13.81 in chips)
Seat 3: 34c99ff9 ($12.51 in chips)
Seat 4: c2bb4118 ($16.17 in chips)
Seat 5: a4986bb1 ($13.58 in chips)
Seat 6: aa639bc6 ($9.03 in chips)
682d6d30: posts small blind $0.05
34c99ff9: posts big blind $0.1
*** HOLE CARDS ***
Dealt to Hero [7d 3c]
Dealt to 682d6d30 
Dealt to 34c99ff9 
Dealt to c2bb4118 
Dealt to a4986bb1 
Dealt to aa639bc6 
c2bb4118: folds
a4986bb1: folds
aa639bc6: folds
Hero: folds
682d6d30: folds
Uncalled bet ($0.05) returned to 34c99ff9
*** SHOWDOWN ***
34c99ff9 collected $0.1 from pot
*** SUMMARY ***
Total pot $0.1 | Rake $0 | Jackpot $0 | Bingo $0 | Fortune $0
Seat 1: Hero (button) folded before Flop (didn't bet)
Seat 2: 682d6d30 (small blind) folded before Flop
Seat 3: 34c99ff9 (big blind) collected ($0.1)
Seat 4: c2bb4118 folded before Flop (didn't bet)
Seat 5: a4986bb1 folded before Flop (didn't bet)
Seat 6: aa639bc6 folded before Flop (didn't bet)


Poker Hand #RC1355522507: Hold'em No Limit  ($0.05/$0.1) - 2023/02/20 11:08:17
Table 'RushAndCash12767767' 6-max Seat #1 is the button
Seat 1: 55a810ee ($10.15 in chips)
Seat 2: Hero ($16.49 in chips)
Seat 3: 36a911f3 ($12.33 in chips)
Seat 4: 8d790337 ($10.15 in chips)
Seat 5: 516730ca ($14.72 in chips)
Seat 6: fd779b7d ($10 in chips)
Hero: posts small blind $0.05
36a911f3: posts big blind $0.1
*** HOLE CARDS ***
Dealt to 55a810ee 
Dealt to Hero [4c 8d]
Dealt to 36a911f3 
Dealt to 8d790337 
Dealt to 516730ca 
Dealt to fd779b7d 
8d790337: folds
516730ca: folds
fd779b7d: folds
55a810ee: folds
Hero: folds
Uncalled bet ($0.05) returned to 36a911f3
*** SHOWDOWN ***
36a911f3 collected $0.1 from pot
*** SUMMARY ***
Total pot $0.1 | Rake $0 | Jackpot $0 | Bingo $0 | Fortune $0
Seat 1: 55a810ee (button) folded before Flop (didn't bet)
Seat 2: Hero (small blind) folded before Flop
Seat 3: 36a911f3 (big blind) collected ($0.1)
Seat 4: 8d790337 folded before Flop (didn't bet)
Seat 5: 516730ca folded before Flop (didn't bet)
Seat 6: fd779b7d folded before Flop (didn't bet)


Poker Hand #RC1355522449: Hold'em No Limit  ($0.05/$0.1) - 2023/02/20 11:08:05
Table 'RushAndCash12767709' 6-max Seat #1 is the button
Seat 1: 2e685256 ($13.97 in chips)
Seat 2: bd835af0 ($10 in chips)
Seat 3: Hero ($16.59 in chips)
Seat 4: c13f9576 ($10.89 in chips)
Seat 5: 14b88b07 ($10.1 in chips)
Seat 6: 5fbcb8f8 ($11.21 in chips)
bd835af0: posts small blind $0.05
Hero: posts big blind $0.1
*** HOLE CARDS ***
Dealt to 2e685256 
Dealt to bd835af0 
Dealt to Hero [4c As]
Dealt to c13f9576 
Dealt to 14b88b07 
Dealt to 5fbcb8f8 
c13f9576: raises $0.1 to $0.2
14b88b07: folds
5fbcb8f8: folds
2e685256: folds
bd835af0: folds
Hero: folds
Uncalled bet ($0.1) returned to c13f9576
*** SHOWDOWN ***
c13f9576 collected $0.25 from pot
*** SUMMARY ***
Total pot $0.25 | Rake $0 | Jackpot $0 | Bingo $0 | Fortune $0
Seat 1: 2e685256 (button) folded before Flop (didn't bet)
Seat 2: bd835af0 (small blind) folded before Flop
Seat 3: Hero (big blind) folded before Flop
Seat 4: c13f9576 collected ($0.25)
Seat 5: 14b88b07 folded before Flop (didn't bet)
Seat 6: 5fbcb8f8 folded before Flop (didn't bet)


Poker Hand #RC1355522334: Hold'em No Limit  ($0.05/$0.1) - 2023/02/20 11:07:39
Table 'RushAndCash12767594' 6-max Seat #1 is the button
Seat 1: 95c43484 ($10.1 in chips)
Seat 2: ce8393c8 ($27.13 in chips)
Seat 3: 7f47291a ($33.23 in chips)
Seat 4: 540e161c ($15.37 in chips)
Seat 5: 2e685256 ($14.22 in chips)
Seat 6: Hero ($16.22 in chips)
ce8393c8: posts small blind $0.05
7f47291a: posts big blind $0.1
*** HOLE CARDS ***
Dealt to 95c43484 
Dealt to ce8393c8 
Dealt to 7f47291a 
Dealt to 540e161c 
Dealt to 2e685256 
Dealt to Hero [Ad Ah]
540e161c: folds
2e685256: raises $0.15 to $0.25
Hero: raises $0.49 to $0.74
95c43484: folds
ce8393c8: folds
7f47291a: folds
2e685256: folds
Uncalled bet ($0.49) returned to Hero
*** SHOWDOWN ***
Hero collected $0.62 from pot
*** SUMMARY ***
Total pot $0.65 | Rake $0.03 | Jackpot $0 | Bingo $0 | Fortune $0
Seat 1: 95c43484 (button) folded before Flop (didn't bet)
Seat 2: ce8393c8 (small blind) folded before Flop
Seat 3: 7f47291a (big blind) folded before Flop
Seat 4: 540e161c folded before Flop (didn't bet)
Seat 5: 2e685256 folded before Flop
Seat 6: Hero collected ($0.62)


Poker Hand #RC1355522274: Hold'em No Limit  ($0.05/$0.1) - 2023/02/20 11:07:25
Table 'RushAndCash12767534' 6-max Seat #1 is the button
Seat 1: d2b3d8c9 ($10.05 in chips)
Seat 2: bb59d13c ($11.38 in chips)
Seat 3: 1f0a25e3 ($11 in chips)
Seat 4: 3e5b659 ($6.6 in chips)
Seat 5: e4b53a91 ($17.76 in chips)
Seat 6: Hero ($16.22 in chips)
bb59d13c: posts small blind $0.05
1f0a25e3: posts big blind $0.1
*** HOLE CARDS ***
Dealt to d2b3d8c9 
Dealt to bb59d13c 
Dealt to 1f0a25e3 
Dealt to 3e5b659 
Dealt to e4b53a91 
Dealt to Hero [Jc 9s]
3e5b659: raises $0.1 to $0.2
e4b53a91: folds
Hero: folds
d2b3d8c9: folds
bb59d13c: folds
1f0a25e3: folds
Uncalled bet ($0.1) returned to 3e5b659
*** SHOWDOWN ***
3e5b659 collected $0.25 from pot
*** SUMMARY ***
Total pot $0.25 | Rake $0 | Jackpot $0 | Bingo $0 | Fortune $0
Seat 1: d2b3d8c9 (button) folded before Flop (didn't bet)
Seat 2: bb59d13c (small blind) folded before Flop
Seat 3: 1f0a25e3 (big blind) folded before Flop
Seat 4: 3e5b659 collected ($0.25)
Seat 5: e4b53a91 folded before Flop (didn't bet)
Seat 6: Hero folded before Flop (didn't bet)


Poker Hand #RC1355521321: Hold'em No Limit  ($0.05/$0.1) - 2023/02/20 11:03:46
Table 'RushAndCash12766581' 6-max Seat #1 is the button
Seat 1: dccdb440 ($12.53 in chips)
Seat 2: d73d4632 ($15.08 in chips)
Seat 3: c7778375 ($10 in chips)
Seat 4: Hero ($16.97 in chips)
Seat 5: 28c8e59a ($30.08 in chips)
Seat 6: d5ba7015 ($10.15 in chips)
d73d4632: posts small blind $0.05
c7778375: posts big blind $0.1
*** HOLE CARDS ***
Dealt to dccdb440 
Dealt to d73d4632 
Dealt to c7778375 
Dealt to Hero [9s 9c]
Dealt to 28c8e59a 
Dealt to d5ba7015 
Hero: raises $0.15 to $0.25
28c8e59a: raises $0.5 to $0.75
d5ba7015: folds
dccdb440: folds
d73d4632: folds
c7778375: folds
Hero: calls $0.5
*** FLOP *** [Qd 5d Tc]
Hero: checks
28c8e59a: bets $0.75
Hero: folds
Uncalled bet ($0.75) returned to 28c8e59a
*** SHOWDOWN ***
28c8e59a collected $1.57 from pot
*** SUMMARY ***
Total pot $1.65 | Rake $0.08 | Jackpot $0 | Bingo $0 | Fortune $0
Board [Qd 5d Tc]
Seat 1: dccdb440 (button) folded before Flop (didn't bet)
Seat 2: d73d4632 (small blind) folded before Flop
Seat 3: c7778375 (big blind) folded before Flop
Seat 4: Hero folded on the Flop
Seat 5: 28c8e59a won ($1.57)
Seat 6: d5ba7015 folded before Flop (didn't bet)


Poker Hand #RC1355521002: Hold'em No Limit  ($0.05/$0.1) - 2023/02/20 11:02:39
Table 'RushAndCash12766262' 6-max Seat #1 is the button
Seat 1: e3016e25 ($14.27 in chips)
Seat 2: Hero ($16.7 in chips)
Seat 3: d5ba7015 ($10.45 in chips)
Seat 4: 33c03725 ($12.41 in chips)
Seat 5: cba8e988 ($10.32 in chips)
Seat 6: b252617f ($23.19 in chips)
Hero: posts small blind $0.05
d5ba7015: posts big blind $0.1
*** HOLE CARDS ***
Dealt to e3016e25 
Dealt to Hero [9h Ad]
Dealt to d5ba7015 
Dealt to 33c03725 
Dealt to cba8e988 
Dealt to b252617f 
33c03725: folds
cba8e988: folds
b252617f: folds
e3016e25: folds
Hero: raises $0.2 to $0.3
d5ba7015: calls $0.2
*** FLOP *** [9s Ks 4d]
Hero: checks
d5ba7015: checks
*** TURN *** [9s Ks 4d] [Qs]
Hero: checks
d5ba7015: checks
*** RIVER *** [9s Ks 4d Qs] [Ac]
Hero: bets $0.25
d5ba7015: folds
Uncalled bet ($0.25) returned to Hero
*** SHOWDOWN ***
Hero collected $0.57 from pot
*** SUMMARY ***
Total pot $0.6 | Rake $0.03 | Jackpot $0 | Bingo $0 | Fortune $0
Board [9s Ks 4d Qs Ac]
Seat 1: e3016e25 (button) folded before Flop (didn't bet)
Seat 2: Hero (small blind) won ($0.57)
Seat 3: d5ba7015 (big blind) folded on the River
Seat 4: 33c03725 folded before Flop (didn't bet)
Seat 5: cba8e988 folded before Flop (didn't bet)
Seat 6: b252617f folded before Flop (didn't bet)


Poker Hand #RC1355520107: Hold'em No Limit  ($0.05/$0.1) - 2023/02/20 10:59:17
Table 'RushAndCash12765367' 6-max Seat #1 is the button
Seat 1: Hero ($11.63 in chips)
Seat 2: d824a437 ($10.2 in chips)
Seat 3: c6363daa ($10.64 in chips)
Seat 4: e7b47201 ($42.27 in chips)
Seat 5: 5e7ed2cf ($11.58 in chips)
Seat 6: cf70c89d ($10 in chips)
d824a437: posts small blind $0.05
c6363daa: posts big blind $0.1
*** HOLE CARDS ***
Dealt to Hero [Kd Kc]
Dealt to d824a437 
Dealt to c6363daa 
Dealt to e7b47201 
Dealt to 5e7ed2cf 
Dealt to cf70c89d 
e7b47201: folds
5e7ed2cf: folds
cf70c89d: raises $0.15 to $0.25
Hero: raises $0.49 to $0.74
d824a437: folds
c6363daa: folds
cf70c89d: calls $0.49
*** FLOP *** [8s 4c Jc]
cf70c89d: checks
Hero: bets $0.82
cf70c89d: calls $0.82
*** TURN *** [8s 4c Jc] [8d]
cf70c89d: checks
Hero: bets $1.64
cf70c89d: calls $1.64
*** RIVER *** [8s 4c Jc 8d] [6d]
cf70c89d: checks
Hero: bets $2.17
cf70c89d: calls $2.17
Hero: shows [Kd Kc] (Pair of Kings and Pair of Eights)
cf70c89d: shows [Qs Qd] (Pair of Queens and Pair of Eights)
*** SHOWDOWN ***
Hero collected $10.44 from pot
*** SUMMARY ***
Total pot $10.89 | Rake $0.3 | Jackpot $0.15 | Bingo $0 | Fortune $0
Board [8s 4c Jc 8d 6d]
Seat 1: Hero (button) showed [Kd Kc] and won ($10.44) with Pair of Kings and Pair of Eights
Seat 2: d824a437 (small blind) folded before Flop
Seat 3: c6363daa (big blind) folded before Flop
Seat 4: e7b47201 folded before Flop (didn't bet)
Seat 5: 5e7ed2cf folded before Flop (didn't bet)
Seat 6: cf70c89d showed [Qs Qd] and lost with Pair of Queens and Pair of Eights


Poker Hand #RC1355520013: Hold'em No Limit  ($0.05/$0.1) - 2023/02/20 10:58:57
Table 'RushAndCash12765273' 6-max Seat #1 is the button
Seat 1: 2979e259 ($9.2 in chips)
Seat 2: f171612d ($13.78 in chips)
Seat 3: Hero ($11.73 in chips)
Seat 4: 44b22251 ($37.47 in chips)
Seat 5: e46caa3c ($18.81 in chips)
Seat 6: 8d790337 ($10.78 in chips)
f171612d: posts small blind $0.05
Hero: posts big blind $0.1
*** HOLE CARDS ***
Dealt to 2979e259 
Dealt to f171612d 
Dealt to Hero [As Qd]
Dealt to 44b22251 
Dealt to e46caa3c 
Dealt to 8d790337 
44b22251: folds
e46caa3c: folds
8d790337: folds
2979e259: raises $0.15 to $0.25
f171612d: raises $0.85 to $1.1
Hero: folds
2979e259: folds
Uncalled bet ($0.85) returned to f171612d
*** SHOWDOWN ***
f171612d collected $0.57 from pot
*** SUMMARY ***
Total pot $0.6 | Rake $0.03 | Jackpot $0 | Bingo $0 | Fortune $0
Seat 1: 2979e259 (button) folded before Flop
Seat 2: f171612d (small blind) collected ($0.57)
Seat 3: Hero (big blind) folded before Flop
Seat 4: 44b22251 folded before Flop (didn't bet)
Seat 5: e46caa3c folded before Flop (didn't bet)
Seat 6: 8d790337 folded before Flop (didn't bet)


Poker Hand #RC1355519978: Hold'em No Limit  ($0.05/$0.1) - 2023/02/20 10:58:49
Table 'RushAndCash12765238' 6-max Seat #1 is the button
Seat 1: ecc11c8d ($9.89 in chips)
Seat 2: f541e1f7 ($10.49 in chips)
Seat 3: cffa4d81 ($29 in chips)
Seat 4: c25cf935 ($29.5 in chips)
Seat 5: a6303c31 ($12.87 in chips)
Seat 6: Hero ($11.73 in chips)
f541e1f7: posts small blind $0.05
cffa4d81: posts big blind $0.1
*** HOLE CARDS ***
Dealt to ecc11c8d 
Dealt to f541e1f7 
Dealt to cffa4d81 
Dealt to c25cf935 
Dealt to a6303c31 
Dealt to Hero [Ks 6h]
c25cf935: folds
a6303c31: folds
Hero: folds
ecc11c8d: folds
f541e1f7: folds
Uncalled bet ($0.05) returned to cffa4d81
*** SHOWDOWN ***
cffa4d81 collected $0.1 from pot
*** SUMMARY ***
Total pot $0.1 | Rake $0 | Jackpot $0 | Bingo $0 | Fortune $0
Seat 1: ecc11c8d (button) folded before Flop (didn't bet)
Seat 2: f541e1f7 (small blind) folded before Flop
Seat 3: cffa4d81 (big blind) collected ($0.1)
Seat 4: c25cf935 folded before Flop (didn't bet)
Seat 5: a6303c31 folded before Flop (didn't bet)
Seat 6: Hero folded before Flop (didn't bet)


Poker Hand #RC1355519904: Hold'em No Limit  ($0.05/$0.1) - 2023/02/20 10:58:34
Table 'RushAndCash12765164' 6-max Seat #1 is the button
Seat 1: 8f5bd1ab ($9.55 in chips)
Seat 2: 8bc7e43e ($27.47 in chips)
Seat 3: b9ba8bde ($30.63 in chips)
Seat 4: 72093c61 ($24.65 in chips)
Seat 5: c13f9576 ($10 in chips)
Seat 6: Hero ($11.73 in chips)
8bc7e43e: posts small blind $0.05
b9ba8bde: posts big blind $0.1
*** HOLE CARDS ***
Dealt to 8f5bd1ab 
Dealt to 8bc7e43e 
Dealt to b9ba8bde 
Dealt to 72093c61 
Dealt to c13f9576 
Dealt to Hero [3d 6d]
72093c61: raises $0.14 to $0.24
c13f9576: folds
Hero: folds
8f5bd1ab: calls $0.24
8bc7e43e: folds
b9ba8bde: folds
*** FLOP *** [6s 3c 7s]
72093c61: checks
8f5bd1ab: checks
*** TURN *** [6s 3c 7s] [Jh]
72093c61: bets $0.32
8f5bd1ab: folds
Uncalled bet ($0.32) returned to 72093c61
*** SHOWDOWN ***
72093c61 collected $0.6 from pot
*** SUMMARY ***
Total pot $0.63 | Rake $0.03 | Jackpot $0 | Bingo $0 | Fortune $0
Board [6s 3c 7s Jh]
Seat 1: 8f5bd1ab (button) folded on the Turn
Seat 2: 8bc7e43e (small blind) folded before Flop
Seat 3: b9ba8bde (big blind) folded before Flop
Seat 4: 72093c61 won ($0.6)
Seat 5: c13f9576 folded before Flop (didn't bet)
Seat 6: Hero folded before Flop (didn't bet)


Poker Hand #RC1355519879: Hold'em No Limit  ($0.05/$0.1) - 2023/02/20 10:58:29
Table 'RushAndCash12765139' 6-max Seat #1 is the button
Seat 1: a03a76a4 ($10.94 in chips)
Seat 2: 1636ecd4 ($10.1 in chips)
Seat 3: 50759ba4 ($10 in chips)
Seat 4: Hero ($11.73 in chips)
Seat 5: d4d539f ($10.05 in chips)
Seat 6: 4bf8d5e5 ($10 in chips)
1636ecd4: posts small blind $0.05
50759ba4: posts big blind $0.1
*** HOLE CARDS ***
Dealt to a03a76a4 
Dealt to 1636ecd4 
Dealt to 50759ba4 
Dealt to Hero [9h 8d]
Dealt to d4d539f 
Dealt to 4bf8d5e5 
Hero: folds
d4d539f: folds
4bf8d5e5: folds
a03a76a4: folds
1636ecd4: folds
Uncalled bet ($0.05) returned to 50759ba4
*** SHOWDOWN ***
50759ba4 collected $0.1 from pot
*** SUMMARY ***
Total pot $0.1 | Rake $0 | Jackpot $0 | Bingo $0 | Fortune $0
Seat 1: a03a76a4 (button) folded before Flop (didn't bet)
Seat 2: 1636ecd4 (small blind) folded before Flop
Seat 3: 50759ba4 (big blind) collected ($0.1)
Seat 4: Hero folded before Flop (didn't bet)
Seat 5: d4d539f folded before Flop (didn't bet)
Seat 6: 4bf8d5e5 folded before Flop (didn't bet)


Poker Hand #RC1355519608: Hold'em No Limit  ($0.05/$0.1) - 2023/02/20 10:57:28
Table 'RushAndCash12764868' 6-max Seat #1 is the button
Seat 1: Hero ($11.97 in chips)
Seat 2: 5a97c2b8 ($10.51 in chips)
Seat 3: a03a76a4 ($9.95 in chips)
Seat 4: e915c633 ($10.72 in chips)
Seat 5: 34c99ff9 ($11.14 in chips)
Seat 6: c8edb598 ($10.15 in chips)
5a97c2b8: posts small blind $0.05
a03a76a4: posts big blind $0.1
*** HOLE CARDS ***
Dealt to Hero [Ah 5h]
Dealt to 5a97c2b8 
Dealt to a03a76a4 
Dealt to e915c633 
Dealt to 34c99ff9 
Dealt to c8edb598 
e915c633: raises $0.14 to $0.24
34c99ff9: folds
c8edb598: calls $0.24
Hero: calls $0.24
5a97c2b8: folds
a03a76a4: calls $0.14
*** FLOP *** [6d Kh 6s]
a03a76a4: checks
e915c633: checks
c8edb598: checks
Hero: checks
*** TURN *** [6d Kh 6s] [Qd]
a03a76a4: checks
e915c633: checks
c8edb598: bets $0.3
Hero: folds
a03a76a4: raises $0.9 to $1.2
e915c633: folds
c8edb598: folds
Uncalled bet ($0.9) returned to a03a76a4
*** SHOWDOWN ***
a03a76a4 collected $1.53 from pot
*** SUMMARY ***
Total pot $1.61 | Rake $0.08 | Jackpot $0 | Bingo $0 | Fortune $0
Board [6d Kh 6s Qd]
Seat 1: Hero (button) folded on the Turn
Seat 2: 5a97c2b8 (small blind) folded before Flop
Seat 3: a03a76a4 (big blind) won ($1.53)
Seat 4: e915c633 folded on the Turn
Seat 5: 34c99ff9 folded before Flop (didn't bet)
Seat 6: c8edb598 folded on the Turn


Poker Hand #RC1355519579: Hold'em No Limit  ($0.05/$0.1) - 2023/02/20 10:57:21
Table 'RushAndCash12764839' 6-max Seat #1 is the button
Seat 1: 2ef39e6d ($10 in chips)
Seat 2: 2aae2386 ($12.5 in chips)
Seat 3: Hero ($12.07 in chips)
Seat 4: 5e7ed2cf ($9.79 in chips)
Seat 5: b71d77fa ($11.18 in chips)
Seat 6: 5354ab71 ($30.92 in chips)
2aae2386: posts small blind $0.05
Hero: posts big blind $0.1
*** HOLE CARDS ***
Dealt to 2ef39e6d 
Dealt to 2aae2386 
Dealt to Hero [Th 4h]
Dealt to 5e7ed2cf 
Dealt to b71d77fa 
Dealt to 5354ab71 
5e7ed2cf: raises $0.15 to $0.25
b71d77fa: folds
5354ab71: folds
2ef39e6d: calls $0.25
2aae2386: folds
Hero: folds
*** FLOP *** [9s Jc Qd]
5e7ed2cf: checks
2ef39e6d: checks
*** TURN *** [9s Jc Qd] [8c]
5e7ed2cf: checks
2ef39e6d: checks
*** RIVER *** [9s Jc Qd 8c] [5h]
5e7ed2cf: bets $0.2
2ef39e6d: folds
Uncalled bet ($0.2) returned to 5e7ed2cf
2ef39e6d: shows [7h] (Queen-High)
*** SHOWDOWN ***
5e7ed2cf collected $0.62 from pot
*** SUMMARY ***
Total pot $0.65 | Rake $0.03 | Jackpot $0 | Bingo $0 | Fortune $0
Board [9s Jc Qd 8c 5h]
Seat 1: 2ef39e6d (button) folded on the River
Seat 2: 2aae2386 (small blind) folded before Flop
Seat 3: Hero (big blind) folded before Flop
Seat 4: 5e7ed2cf won ($0.62)
Seat 5: b71d77fa folded before Flop (didn't bet)
Seat 6: 5354ab71 folded before Flop (didn't bet)


Poker Hand #RC1355519464: Hold'em No Limit  ($0.05/$0.1) - 2023/02/20 10:56:56
Table 'RushAndCash12764724' 6-max Seat #1 is the button
Seat 1: 7b88093e ($11.74 in chips)
Seat 2: Hero ($11.79 in chips)
Seat 3: a8a9e895 ($10.1 in chips)
Seat 4: 1c2244c2 ($11.91 in chips)
Seat 5: c6363daa ($9 in chips)
Seat 6: 2aae2386 ($12.7 in chips)
Hero: posts small blind $0.05
a8a9e895: posts big blind $0.1
*** HOLE CARDS ***
Dealt to 7b88093e 
Dealt to Hero [Td Tc]
Dealt to a8a9e895 
Dealt to 1c2244c2 
Dealt to c6363daa 
Dealt to 2aae2386 
1c2244c2: folds
c6363daa: folds
2aae2386: raises $0.1 to $0.2
7b88093e: folds
Hero: raises $0.63 to $0.83
a8a9e895: folds
2aae2386: folds
Uncalled bet ($0.63) returned to Hero
*** SHOWDOWN ***
Hero collected $0.48 from pot
*** SUMMARY ***
Total pot $0.5 | Rake $0.02 | Jackpot $0 | Bingo $0 | Fortune $0
Seat 1: 7b88093e (button) folded before Flop (didn't bet)
Seat 2: Hero (small blind) collected ($0.48)
Seat 3: a8a9e895 (big blind) folded before Flop
Seat 4: 1c2244c2 folded before Flop (didn't bet)
Seat 5: c6363daa folded before Flop (didn't bet)
Seat 6: 2aae2386 folded before Flop


Poker Hand #RC1355519431: Hold'em No Limit  ($0.05/$0.1) - 2023/02/20 10:56:49
Table 'RushAndCash12764691' 6-max Seat #1 is the button
Seat 1: fd779b7d ($10 in chips)
Seat 2: a8a9e895 ($10.15 in chips)
Seat 3: bf90b90e ($12.8 in chips)
Seat 4: da0676ab ($6.81 in chips)
Seat 5: 4cd74d6a ($19.98 in chips)
Seat 6: Hero ($11.79 in chips)
a8a9e895: posts small blind $0.05
bf90b90e: posts big blind $0.1
*** HOLE CARDS ***
Dealt to fd779b7d 
Dealt to a8a9e895 
Dealt to bf90b90e 
Dealt to da0676ab 
Dealt to 4cd74d6a 
Dealt to Hero [3s Js]
da0676ab: folds
4cd74d6a: folds
Hero: folds
fd779b7d: folds
a8a9e895: folds
Uncalled bet ($0.05) returned to bf90b90e
*** SHOWDOWN ***
bf90b90e collected $0.1 from pot
*** SUMMARY ***
Total pot $0.1 | Rake $0 | Jackpot $0 | Bingo $0 | Fortune $0
Seat 1: fd779b7d (button) folded before Flop (didn't bet)
Seat 2: a8a9e895 (small blind) folded before Flop
Seat 3: bf90b90e (big blind) collected ($0.1)
Seat 4: da0676ab folded before Flop (didn't bet)
Seat 5: 4cd74d6a folded before Flop (didn't bet)
Seat 6: Hero folded before Flop (didn't bet)


Poker Hand #RC1355519344: Hold'em No Limit  ($0.05/$0.1) - 2023/02/20 10:56:31
Table 'RushAndCash12764604' 6-max Seat #1 is the button
Seat 1: ec987f1 ($9.44 in chips)
Seat 2: bee96747 ($10.08 in chips)
Seat 3: 77330f06 ($5.77 in chips)
Seat 4: Hero ($12.04 in chips)
Seat 5: 9a9f8a17 ($10.33 in chips)
Seat 6: 4438a74d ($15.62 in chips)
bee96747: posts small blind $0.05
77330f06: posts big blind $0.1
*** HOLE CARDS ***
Dealt to ec987f1 
Dealt to bee96747 
Dealt to 77330f06 
Dealt to Hero [5s 5h]
Dealt to 9a9f8a17 
Dealt to 4438a74d 
Hero: raises $0.15 to $0.25
9a9f8a17: folds
4438a74d: folds
ec987f1: raises $0.75 to $1
bee96747: folds
77330f06: folds
Hero: folds
Uncalled bet ($0.75) returned to ec987f1
*** SHOWDOWN ***
ec987f1 collected $0.62 from pot
*** SUMMARY ***
Total pot $0.65 | Rake $0.03 | Jackpot $0 | Bingo $0 | Fortune $0
Seat 1: ec987f1 (button) collected ($0.62)
Seat 2: bee96747 (small blind) folded before Flop
Seat 3: 77330f06 (big blind) folded before Flop
Seat 4: Hero folded before Flop
Seat 5: 9a9f8a17 folded before Flop (didn't bet)
Seat 6: 4438a74d folded before Flop (didn't bet)


Poker Hand #RC1355519310: Hold'em No Limit  ($0.05/$0.1) - 2023/02/20 10:56:25
Table 'RushAndCash12764570' 6-max Seat #1 is the button
Seat 1: 86794859 ($52.87 in chips)
Seat 2: 4d714b98 ($29.47 in chips)
Seat 3: 40ef9fba ($12.99 in chips)
Seat 4: Hero ($12.04 in chips)
Seat 5: ccd653e ($13.03 in chips)
Seat 6: ca5dfacb ($26.24 in chips)
4d714b98: posts small blind $0.05
40ef9fba: posts big blind $0.1
*** HOLE CARDS ***
Dealt to 86794859 
Dealt to 4d714b98 
Dealt to 40ef9fba 
Dealt to Hero [3h 9c]
Dealt to ccd653e 
Dealt to ca5dfacb 
Hero: folds
ccd653e: folds
ca5dfacb: raises $0.15 to $0.25
86794859: calls $0.25
4d714b98: folds
40ef9fba: folds
*** FLOP *** [9h Js Kh]
ca5dfacb: checks
86794859: checks
*** TURN *** [9h Js Kh] [Qd]
ca5dfacb: bets $0.22
86794859: folds
Uncalled bet ($0.22) returned to ca5dfacb
*** SHOWDOWN ***
ca5dfacb collected $0.62 from pot
*** SUMMARY ***
Total pot $0.65 | Rake $0.03 | Jackpot $0 | Bingo $0 | Fortune $0
Board [9h Js Kh Qd]
Seat 1: 86794859 (button) folded on the Turn
Seat 2: 4d714b98 (small blind) folded before Flop
Seat 3: 40ef9fba (big blind) folded before Flop
Seat 4: Hero folded before Flop (didn't bet)
Seat 5: ccd653e folded before Flop (didn't bet)
Seat 6: ca5dfacb won ($0.62)


Poker Hand #RC1355519281: Hold'em No Limit  ($0.05/$0.1) - 2023/02/20 10:56:19
Table 'RushAndCash12764541' 6-max Seat #1 is the button
Seat 1: Hero ($12.04 in chips)
Seat 2: ccd653e ($13.08 in chips)
Seat 3: c13f9576 ($10 in chips)
Seat 4: 63130ede ($3.87 in chips)
Seat 5: 2afd3637 ($14.55 in chips)
Seat 6: e86a506c ($14.6 in chips)
ccd653e: posts small blind $0.05
c13f9576: posts big blind $0.1
*** HOLE CARDS ***
Dealt to Hero [Td 5s]
Dealt to ccd653e 
Dealt to c13f9576 
Dealt to 63130ede 
Dealt to 2afd3637 
Dealt to e86a506c 
63130ede: folds
2afd3637: folds
e86a506c: raises $0.15 to $0.25
Hero: folds
ccd653e: folds
c13f9576: folds
Uncalled bet ($0.15) returned to e86a506c
*** SHOWDOWN ***
e86a506c collected $0.25 from pot
*** SUMMARY ***
Total pot $0.25 | Rake $0 | Jackpot $0 | Bingo $0 | Fortune $0
Seat 1: Hero (button) folded before Flop (didn't bet)
Seat 2: ccd653e (small blind) folded before Flop
Seat 3: c13f9576 (big blind) folded before Flop
Seat 4: 63130ede folded before Flop (didn't bet)
Seat 5: 2afd3637 folded before Flop (didn't bet)
Seat 6: e86a506c collected ($0.25)


Poker Hand #RC1355519094: Hold'em No Limit  ($0.05/$0.1) - 2023/02/20 10:55:37
Table 'RushAndCash12764354' 6-max Seat #1 is the button
Seat 1: ccd653e ($13.33 in chips)
Seat 2: Hero ($11.48 in chips)
Seat 3: ae622a7e ($13.24 in chips)
Seat 4: e86a506c ($14.85 in chips)
Seat 5: 5990c23e ($15.24 in chips)
Seat 6: 396dbad ($10.15 in chips)
Hero: posts small blind $0.05
ae622a7e: posts big blind $0.1
*** HOLE CARDS ***
Dealt to ccd653e 
Dealt to Hero [4d 4s]
Dealt to ae622a7e 
Dealt to e86a506c 
Dealt to 5990c23e 
Dealt to 396dbad 
e86a506c: raises $0.15 to $0.25
5990c23e: folds
396dbad: folds
ccd653e: calls $0.25
Hero: calls $0.2
ae622a7e: folds
*** FLOP *** [Tc 8s 8c]
Hero: checks
e86a506c: checks
ccd653e: checks
*** TURN *** [Tc 8s 8c] [2c]
Hero: bets $0.34
e86a506c: folds
ccd653e: folds
Uncalled bet ($0.34) returned to Hero
*** SHOWDOWN ***
Hero collected $0.81 from pot
*** SUMMARY ***
Total pot $0.85 | Rake $0.04 | Jackpot $0 | Bingo $0 | Fortune $0
Board [Tc 8s 8c 2c]
Seat 1: ccd653e (button) folded on the Turn
Seat 2: Hero (small blind) won ($0.81)
Seat 3: ae622a7e (big blind) folded before Flop
Seat 4: e86a506c folded on the Turn
Seat 5: 5990c23e folded before Flop (didn't bet)
Seat 6: 396dbad folded before Flop (didn't bet)


Poker Hand #RC1355518622: Hold'em No Limit  ($0.05/$0.1) - 2023/02/20 10:53:53
Table 'RushAndCash12763882' 6-max Seat #1 is the button
Seat 1: fd40e209 ($12.97 in chips)
Seat 2: cebdbb48 ($10.63 in chips)
Seat 3: Hero ($11.43 in chips)
Seat 4: 2b3f5c00 ($8.8 in chips)
Seat 5: cd0747a6 ($10 in chips)
Seat 6: 3f2b768 ($8.3 in chips)
cebdbb48: posts small blind $0.05
Hero: posts big blind $0.1
*** HOLE CARDS ***
Dealt to fd40e209 
Dealt to cebdbb48 
Dealt to Hero [Kc 8c]
Dealt to 2b3f5c00 
Dealt to cd0747a6 
Dealt to 3f2b768 
2b3f5c00: folds
cd0747a6: folds
3f2b768: folds
fd40e209: folds
cebdbb48: folds
Uncalled bet ($0.05) returned to Hero
*** SHOWDOWN ***
Hero collected $0.1 from pot
*** SUMMARY ***
Total pot $0.1 | Rake $0 | Jackpot $0 | Bingo $0 | Fortune $0
Seat 1: fd40e209 (button) folded before Flop (didn't bet)
Seat 2: cebdbb48 (small blind) folded before Flop
Seat 3: Hero (big blind) collected ($0.1)
Seat 4: 2b3f5c00 folded before Flop (didn't bet)
Seat 5: cd0747a6 folded before Flop (didn't bet)
Seat 6: 3f2b768 folded before Flop (didn't bet)


Poker Hand #RC1355518601: Hold'em No Limit  ($0.05/$0.1) - 2023/02/20 10:53:49
Table 'RushAndCash12763861' 6-max Seat #1 is the button
Seat 1: a53fa72 ($10 in chips)
Seat 2: 406c4b52 ($10.05 in chips)
Seat 3: 50759ba4 ($11.7 in chips)
Seat 4: Hero ($11.43 in chips)
Seat 5: 60f3b675 ($12.08 in chips)
Seat 6: ce267773 ($12.29 in chips)
406c4b52: posts small blind $0.05
50759ba4: posts big blind $0.1
*** HOLE CARDS ***
Dealt to a53fa72 
Dealt to 406c4b52 
Dealt to 50759ba4 
Dealt to Hero [4s Jc]
Dealt to 60f3b675 
Dealt to ce267773 
Hero: folds
60f3b675: folds
ce267773: raises $0.15 to $0.25
a53fa72: folds
406c4b52: folds
50759ba4: calls $0.15
*** FLOP *** [2d Jh 8c]
50759ba4: checks
ce267773: bets $0.3
50759ba4: folds
Uncalled bet ($0.3) returned to ce267773
*** SHOWDOWN ***
ce267773 collected $0.52 from pot
*** SUMMARY ***
Total pot $0.55 | Rake $0.03 | Jackpot $0 | Bingo $0 | Fortune $0
Board [2d Jh 8c]
Seat 1: a53fa72 (button) folded before Flop (didn't bet)
Seat 2: 406c4b52 (small blind) folded before Flop
Seat 3: 50759ba4 (big blind) folded on the Flop
Seat 4: Hero folded before Flop (didn't bet)
Seat 5: 60f3b675 folded before Flop (didn't bet)
Seat 6: ce267773 won ($0.52)


Poker Hand #RC1355518578: Hold'em No Limit  ($0.05/$0.1) - 2023/02/20 10:53:43
Table 'RushAndCash12763838' 6-max Seat #1 is the button
Seat 1: 90ef4ec4 ($9.58 in chips)
Seat 2: 5354ab71 ($32.12 in chips)
Seat 3: efde04d8 ($24.36 in chips)
Seat 4: a4b70a16 ($22.26 in chips)
Seat 5: f7ec824 ($8.24 in chips)
Seat 6: Hero ($11.43 in chips)
5354ab71: posts small blind $0.05
efde04d8: posts big blind $0.1
*** HOLE CARDS ***
Dealt to 90ef4ec4 
Dealt to 5354ab71 
Dealt to efde04d8 
Dealt to a4b70a16 
Dealt to f7ec824 
Dealt to Hero [Ah 7c]
a4b70a16: folds
f7ec824: folds
Hero: folds
90ef4ec4: folds
5354ab71: folds
Uncalled bet ($0.05) returned to efde04d8
*** SHOWDOWN ***
efde04d8 collected $0.1 from pot
*** SUMMARY ***
Total pot $0.1 | Rake $0 | Jackpot $0 | Bingo $0 | Fortune $0
Seat 1: 90ef4ec4 (button) folded before Flop (didn't bet)
Seat 2: 5354ab71 (small blind) folded before Flop
Seat 3: efde04d8 (big blind) collected ($0.1)
Seat 4: a4b70a16 folded before Flop (didn't bet)
Seat 5: f7ec824 folded before Flop (didn't bet)
Seat 6: Hero folded before Flop (didn't bet)


Poker Hand #RC1355518555: Hold'em No Limit  ($0.05/$0.1) - 2023/02/20 10:53:38
Table 'RushAndCash12763815' 6-max Seat #1 is the button
Seat 1: 7bca55a8 ($10 in chips)
Seat 2: 4c21bc60 ($15.73 in chips)
Seat 3: 5852a809 ($9.71 in chips)
Seat 4: Hero ($11.43 in chips)
Seat 5: 6097dab0 ($10.5 in chips)
Seat 6: 50759ba4 ($11.7 in chips)
4c21bc60: posts small blind $0.05
5852a809: posts big blind $0.1
*** HOLE CARDS ***
Dealt to 7bca55a8 
Dealt to 4c21bc60 
Dealt to 5852a809 
Dealt to Hero [3h 2s]
Dealt to 6097dab0 
Dealt to 50759ba4 
Hero: folds
6097dab0: raises $0.2 to $0.3
50759ba4: folds
7bca55a8: folds
4c21bc60: raises $0.8 to $1.1
5852a809: folds
6097dab0: folds
Uncalled bet ($0.8) returned to 4c21bc60
*** SHOWDOWN ***
4c21bc60 collected $0.67 from pot
*** SUMMARY ***
Total pot $0.7 | Rake $0.03 | Jackpot $0 | Bingo $0 | Fortune $0
Seat 1: 7bca55a8 (button) folded before Flop (didn't bet)
Seat 2: 4c21bc60 (small blind) collected ($0.67)
Seat 3: 5852a809 (big blind) folded before Flop
Seat 4: Hero folded before Flop (didn't bet)
Seat 5: 6097dab0 folded before Flop
Seat 6: 50759ba4 folded before Flop (didn't bet)


Poker Hand #RC1355518535: Hold'em No Limit  ($0.05/$0.1) - 2023/02/20 10:53:33
Table 'RushAndCash12763795' 6-max Seat #1 is the button
Seat 1: Hero ($11.43 in chips)
Seat 2: 9ba132d ($16.83 in chips)
Seat 3: e86a506c ($15.64 in chips)
Seat 4: 1b2bec1e ($11.09 in chips)
Seat 5: 2309268a ($12.05 in chips)
Seat 6: 7d43cbd5 ($10 in chips)
9ba132d: posts small blind $0.05
e86a506c: posts big blind $0.1
*** HOLE CARDS ***
Dealt to Hero [8c 2s]
Dealt to 9ba132d 
Dealt to e86a506c 
Dealt to 1b2bec1e 
Dealt to 2309268a 
Dealt to 7d43cbd5 
1b2bec1e: folds
2309268a: folds
7d43cbd5: raises $0.14 to $0.24
Hero: folds
9ba132d: folds
e86a506c: calls $0.14
*** FLOP *** [8s Ac 3h]
e86a506c: checks
7d43cbd5: checks
*** TURN *** [8s Ac 3h] [5h]
e86a506c: checks
7d43cbd5: bets $0.4
e86a506c: calls $0.4
*** RIVER *** [8s Ac 3h 5h] [Qs]
e86a506c: checks
7d43cbd5: bets $1
e86a506c: folds
Uncalled bet ($1) returned to 7d43cbd5
*** SHOWDOWN ***
7d43cbd5 collected $1.27 from pot
*** SUMMARY ***
Total pot $1.33 | Rake $0.06 | Jackpot $0 | Bingo $0 | Fortune $0
Board [8s Ac 3h 5h Qs]
Seat 1: Hero (button) folded before Flop (didn't bet)
Seat 2: 9ba132d (small blind) folded before Flop
Seat 3: e86a506c (big blind) folded on the River
Seat 4: 1b2bec1e folded before Flop (didn't bet)
Seat 5: 2309268a folded before Flop (didn't bet)
Seat 6: 7d43cbd5 won ($1.27)


Poker Hand #RC1355518343: Hold'em No Limit  ($0.05/$0.1) - 2023/02/20 10:52:48
Table 'RushAndCash12763603' 6-max Seat #1 is the button
Seat 1: ad652af8 ($9.74 in chips)
Seat 2: Hero ($11.48 in chips)
Seat 3: 780cdd50 ($17.93 in chips)
Seat 4: e7e87e52 ($10 in chips)
Seat 5: da85a243 ($14.48 in chips)
Seat 6: 261525be ($22.91 in chips)
Hero: posts small blind $0.05
780cdd50: posts big blind $0.1
*** HOLE CARDS ***
Dealt to ad652af8 
Dealt to Hero [Jc 5c]
Dealt to 780cdd50 
Dealt to e7e87e52 
Dealt to da85a243 
Dealt to 261525be 
e7e87e52: raises $0.15 to $0.25
da85a243: folds
261525be: folds
ad652af8: folds
Hero: folds
780cdd50: raises $0.55 to $0.8
e7e87e52: calls $0.55
*** FLOP *** [7s 4c 3s]
780cdd50: bets $0.83
e7e87e52: calls $0.83
*** TURN *** [7s 4c 3s] [Th]
780cdd50: bets $2.49
e7e87e52: folds
Uncalled bet ($2.49) returned to 780cdd50
*** SHOWDOWN ***
780cdd50 collected $3.01 from pot
*** SUMMARY ***
Total pot $3.31 | Rake $0.15 | Jackpot $0.15 | Bingo $0 | Fortune $0
Board [7s 4c 3s Th]
Seat 1: ad652af8 (button) folded before Flop (didn't bet)
Seat 2: Hero (small blind) folded before Flop
Seat 3: 780cdd50 (big blind) won ($3.01)
Seat 4: e7e87e52 folded on the Turn
Seat 5: da85a243 folded before Flop (didn't bet)
Seat 6: 261525be folded before Flop (didn't bet)


Poker Hand #RC1355518004: Hold'em No Limit  ($0.05/$0.1) - 2023/02/20 10:51:37
Table 'RushAndCash12763264' 6-max Seat #1 is the button
Seat 1: 376b7bc4 ($10.81 in chips)
Seat 2: 936b9aaa ($16.54 in chips)
Seat 3: Hero ($11.48 in chips)
Seat 4: 991b5e79 ($10 in chips)
Seat 5: 59777a13 ($12.54 in chips)
Seat 6: 780cdd50 ($17.94 in chips)
936b9aaa: posts small blind $0.05
Hero: posts big blind $0.1
*** HOLE CARDS ***
Dealt to 376b7bc4 
Dealt to 936b9aaa 
Dealt to Hero [Ac 5c]
Dealt to 991b5e79 
Dealt to 59777a13 
Dealt to 780cdd50 
991b5e79: folds
59777a13: folds
780cdd50: raises $0.12 to $0.22
376b7bc4: folds
936b9aaa: folds
Hero: calls $0.12
*** FLOP *** [As Ks Jh]
Hero: checks
780cdd50: bets $0.17
Hero: calls $0.17
*** TURN *** [As Ks Jh] [Jd]
Hero: checks
780cdd50: checks
*** RIVER *** [As Ks Jh Jd] [4c]
Hero: bets $0.2
780cdd50: calls $0.2
Hero: shows [Ac 5c] (Pair of Aces and Pair of Jacks)
780cdd50: shows [8h Ah] (Pair of Aces and Pair of Jacks)
*** SHOWDOWN ***
Hero collected $0.59 from pot
780cdd50 collected $0.58 from pot
*** SUMMARY ***
Total pot $1.23 | Rake $0.06 | Jackpot $0 | Bingo $0 | Fortune $0
Board [As Ks Jh Jd 4c]
Seat 1: 376b7bc4 (button) folded before Flop (didn't bet)
Seat 2: 936b9aaa (small blind) folded before Flop
Seat 3: Hero (big blind) showed [Ac 5c] and won ($0.59) with Pair of Aces and Pair of Jacks
Seat 4: 991b5e79 folded before Flop (didn't bet)
Seat 5: 59777a13 folded before Flop (didn't bet)
Seat 6: 780cdd50 showed [8h Ah] and won ($0.58) with Pair of Aces and Pair of Jacks


Poker Hand #RC1355517948: Hold'em No Limit  ($0.05/$0.1) - 2023/02/20 10:51:26
Table 'RushAndCash12763208' 6-max Seat #1 is the button
Seat 1: 5efd0627 ($11.1 in chips)
Seat 2: 58b51024 ($10.05 in chips)
Seat 3: b3a7723c ($12.26 in chips)
Seat 4: c5d68501 ($9.46 in chips)
Seat 5: 6dd9cfcb ($38.51 in chips)
Seat 6: Hero ($11.48 in chips)
58b51024: posts small blind $0.05
b3a7723c: posts big blind $0.1
*** HOLE CARDS ***
Dealt to 5efd0627 
Dealt to 58b51024 
Dealt to b3a7723c 
Dealt to c5d68501 
Dealt to 6dd9cfcb 
Dealt to Hero [Ad 7h]
c5d68501: folds
6dd9cfcb: folds
Hero: folds
5efd0627: folds
58b51024: raises $0.14 to $0.24
b3a7723c: folds
Uncalled bet ($0.14) returned to 58b51024
*** SHOWDOWN ***
58b51024 collected $0.2 from pot
*** SUMMARY ***
Total pot $0.2 | Rake $0 | Jackpot $0 | Bingo $0 | Fortune $0
Seat 1: 5efd0627 (button) folded before Flop (didn't bet)
Seat 2: 58b51024 (small blind) collected ($0.2)
Seat 3: b3a7723c (big blind) folded before Flop
Seat 4: c5d68501 folded before Flop (didn't bet)
Seat 5: 6dd9cfcb folded before Flop (didn't bet)
Seat 6: Hero folded before Flop (didn't bet)


Poker Hand #RC1355517797: Hold'em No Limit  ($0.05/$0.1) - 2023/02/20 10:50:52
Table 'RushAndCash12763057' 6-max Seat #1 is the button
Seat 1: 436b4bd4 ($19.02 in chips)
Seat 2: 5efd0627 ($11.35 in chips)
Seat 3: 5ac4d709 ($11.63 in chips)
Seat 4: ad652af8 ($7.75 in chips)
Seat 5: 86794859 ($56.61 in chips)
Seat 6: Hero ($11.16 in chips)
5efd0627: posts small blind $0.05
5ac4d709: posts big blind $0.1
*** HOLE CARDS ***
Dealt to 436b4bd4 
Dealt to 5efd0627 
Dealt to 5ac4d709 
Dealt to ad652af8 
Dealt to 86794859 
Dealt to Hero [Kc Tc]
ad652af8: folds
86794859: folds
Hero: raises $0.15 to $0.25
436b4bd4: folds
5efd0627: calls $0.2
5ac4d709: folds
*** FLOP *** [Qs 6d Qc]
5efd0627: checks
Hero: bets $0.2
5efd0627: folds
Uncalled bet ($0.2) returned to Hero
*** SHOWDOWN ***
Hero collected $0.57 from pot
*** SUMMARY ***
Total pot $0.6 | Rake $0.03 | Jackpot $0 | Bingo $0 | Fortune $0
Board [Qs 6d Qc]
Seat 1: 436b4bd4 (button) folded before Flop (didn't bet)
Seat 2: 5efd0627 (small blind) folded on the Flop
Seat 3: 5ac4d709 (big blind) folded before Flop
Seat 4: ad652af8 folded before Flop (didn't bet)
Seat 5: 86794859 folded before Flop (didn't bet)
Seat 6: Hero won ($0.57)


Poker Hand #RC1355517737: Hold'em No Limit  ($0.05/$0.1) - 2023/02/20 10:50:39
Table 'RushAndCash12762997' 6-max Seat #1 is the button
Seat 1: 27a26a6b ($9.85 in chips)
Seat 2: 3efb07bc ($10.15 in chips)
Seat 3: 3854a992 ($10 in chips)
Seat 4: 7078fb4c ($10 in chips)
Seat 5: Hero ($11.16 in chips)
Seat 6: b9ba8bde ($33.96 in chips)
3efb07bc: posts small blind $0.05
3854a992: posts big blind $0.1
*** HOLE CARDS ***
Dealt to 27a26a6b 
Dealt to 3efb07bc 
Dealt to 3854a992 
Dealt to 7078fb4c 
Dealt to Hero [9h Ac]
Dealt to b9ba8bde 
7078fb4c: raises $0.15 to $0.25
Hero: folds
b9ba8bde: folds
27a26a6b: folds
3efb07bc: raises $0.8 to $1.05
3854a992: folds
7078fb4c: calls $0.8
*** FLOP *** [Tc 6h 8d]
3efb07bc: checks
7078fb4c: bets $0.92
3efb07bc: calls $0.92
*** TURN *** [Tc 6h 8d] [3d]
3efb07bc: checks
7078fb4c: checks
*** RIVER *** [Tc 6h 8d 3d] [Ad]
3efb07bc: bets $3.08
7078fb4c: folds
Uncalled bet ($3.08) returned to 3efb07bc
*** SHOWDOWN ***
3efb07bc collected $3.7 from pot
*** SUMMARY ***
Total pot $4.04 | Rake $0.19 | Jackpot $0.15 | Bingo $0 | Fortune $0
Board [Tc 6h 8d 3d Ad]
Seat 1: 27a26a6b (button) folded before Flop (didn't bet)
Seat 2: 3efb07bc (small blind) won ($3.7)
Seat 3: 3854a992 (big blind) folded before Flop
Seat 4: 7078fb4c folded on the River
Seat 5: Hero folded before Flop (didn't bet)
Seat 6: b9ba8bde folded before Flop (didn't bet)


Poker Hand #RC1355517697: Hold'em No Limit  ($0.05/$0.1) - 2023/02/20 10:50:31
Table 'RushAndCash12762957' 6-max Seat #1 is the button
Seat 1: 80006f38 ($10.74 in chips)
Seat 2: a6303c31 ($12.79 in chips)
Seat 3: 9c075d4d ($13.69 in chips)
Seat 4: edfcd644 ($15.31 in chips)
Seat 5: Hero ($11.16 in chips)
Seat 6: 44068fcd ($12.53 in chips)
a6303c31: posts small blind $0.05
9c075d4d: posts big blind $0.1
*** HOLE CARDS ***
Dealt to 80006f38 
Dealt to a6303c31 
Dealt to 9c075d4d 
Dealt to edfcd644 
Dealt to Hero [2c 6h]
Dealt to 44068fcd 
edfcd644: folds
Hero: folds
44068fcd: raises $0.15 to $0.25
80006f38: folds
a6303c31: folds
9c075d4d: calls $0.15
*** FLOP *** [Jd 4s 7d]
9c075d4d: checks
44068fcd: bets $0.3
9c075d4d: folds
Uncalled bet ($0.3) returned to 44068fcd
*** SHOWDOWN ***
44068fcd collected $0.53 from pot
*** SUMMARY ***
Total pot $0.55 | Rake $0.02 | Jackpot $0 | Bingo $0 | Fortune $0
Board [Jd 4s 7d]
Seat 1: 80006f38 (button) folded before Flop (didn't bet)
Seat 2: a6303c31 (small blind) folded before Flop
Seat 3: 9c075d4d (big blind) folded on the Flop
Seat 4: edfcd644 folded before Flop (didn't bet)
Seat 5: Hero folded before Flop (didn't bet)
Seat 6: 44068fcd won ($0.53)


Poker Hand #RC1355517670: Hold'em No Limit  ($0.05/$0.1) - 2023/02/20 10:50:25
Table 'RushAndCash12762930' 6-max Seat #1 is the button
Seat 1: Hero ($11.16 in chips)
Seat 2: e46caa3c ($19.02 in chips)
Seat 3: 348bc36f ($9.56 in chips)
Seat 4: c1bc419e ($8.77 in chips)
Seat 5: c3792b2f ($8.92 in chips)
Seat 6: f171612d ($10 in chips)
e46caa3c: posts small blind $0.05
348bc36f: posts big blind $0.1
*** HOLE CARDS ***
Dealt to Hero [9d 6h]
Dealt to e46caa3c 
Dealt to 348bc36f 
Dealt to c1bc419e 
Dealt to c3792b2f 
Dealt to f171612d 
c1bc419e: raises $0.2 to $0.3
c3792b2f: raises $0.55 to $0.85
f171612d: folds
Hero: folds
e46caa3c: folds
348bc36f: folds
c1bc419e: calls $0.55
*** FLOP *** [6d 3d Tc]
c1bc419e: checks
c3792b2f: bets $0.99
c1bc419e: calls $0.99
*** TURN *** [6d 3d Tc] [5c]
c1bc419e: checks
c3792b2f: bets $2.45
c1bc419e: raises $4.48 to $6.93 and is all-in
c3792b2f: calls $4.48
c1bc419e: shows [9h 8s] (Ten-High)
c3792b2f: shows [Ts Ks] (Pair of Tens)
*** RIVER *** [6d 3d Tc 5c] [2d]
*** SHOWDOWN ***
c3792b2f collected $17.24 from pot
*** SUMMARY ***
Total pot $17.69 | Rake $0.3 | Jackpot $0.15 | Bingo $0 | Fortune $0
Board [6d 3d Tc 5c 2d]
Seat 1: Hero (button) folded before Flop (didn't bet)
Seat 2: e46caa3c (small blind) folded before Flop
Seat 3: 348bc36f (big blind) folded before Flop
Seat 4: c1bc419e showed [9h 8s] and lost with Ten-High
Seat 5: c3792b2f showed [Ts Ks] and won ($17.24) with Pair of Tens
Seat 6: f171612d folded before Flop (didn't bet)


Poker Hand #RC1355517632: Hold'em No Limit  ($0.05/$0.1) - 2023/02/20 10:50:17
Table 'RushAndCash12762892' 6-max Seat #1 is the button
Seat 1: 875ad255 ($15.96 in chips)
Seat 2: Hero ($11.21 in chips)
Seat 3: cc1af52a ($24.72 in chips)
Seat 4: d41c76e7 ($12.63 in chips)
Seat 5: c8edb598 ($10.15 in chips)
Seat 6: 77153f55 ($11.15 in chips)
Hero: posts small blind $0.05
cc1af52a: posts big blind $0.1
*** HOLE CARDS ***
Dealt to 875ad255 
Dealt to Hero [4s Jd]
Dealt to cc1af52a 
Dealt to d41c76e7 
Dealt to c8edb598 
Dealt to 77153f55 
d41c76e7: folds
c8edb598: folds
77153f55: raises $0.15 to $0.25
875ad255: folds
Hero: folds
cc1af52a: folds
Uncalled bet ($0.15) returned to 77153f55
*** SHOWDOWN ***
77153f55 collected $0.25 from pot
*** SUMMARY ***
Total pot $0.25 | Rake $0 | Jackpot $0 | Bingo $0 | Fortune $0
Seat 1: 875ad255 (button) folded before Flop (didn't bet)
Seat 2: Hero (small blind) folded before Flop
Seat 3: cc1af52a (big blind) folded before Flop
Seat 4: d41c76e7 folded before Flop (didn't bet)
Seat 5: c8edb598 folded before Flop (didn't bet)
Seat 6: 77153f55 collected ($0.25)


Poker Hand #RC1355517257: Hold'em No Limit  ($0.05/$0.1) - 2023/02/20 10:48:55
Table 'RushAndCash12762517' 6-max Seat #1 is the button
Seat 1: d5ba7015 ($11.8 in chips)
Seat 2: c25cf935 ($20.68 in chips)
Seat 3: Hero ($10 in chips)
Seat 4: 47018f4b ($10.14 in chips)
Seat 5: 3b268cf6 ($21.28 in chips)
Seat 6: 2309268a ($8.36 in chips)
c25cf935: posts small blind $0.05
Hero: posts big blind $0.1
*** HOLE CARDS ***
Dealt to d5ba7015 
Dealt to c25cf935 
Dealt to Hero [8s Ks]
Dealt to 47018f4b 
Dealt to 3b268cf6 
Dealt to 2309268a 
47018f4b: folds
3b268cf6: folds
2309268a: folds
d5ba7015: folds
c25cf935: raises $0.2 to $0.3
Hero: calls $0.2
*** FLOP *** [9c 6d Th]
c25cf935: checks
Hero: bets $0.3
c25cf935: calls $0.3
*** TURN *** [9c 6d Th] [Kc]
c25cf935: checks
Hero: checks
*** RIVER *** [9c 6d Th Kc] [3h]
c25cf935: bets $0.9
Hero: calls $0.9
c25cf935: shows [7h As] (Ace-High)
Hero: shows [8s Ks] (Pair of Kings)
*** SHOWDOWN ***
Hero collected $2.71 from pot
*** SUMMARY ***
Total pot $3 | Rake $0.14 | Jackpot $0.15 | Bingo $0 | Fortune $0
Board [9c 6d Th Kc 3h]
Seat 1: d5ba7015 (button) folded before Flop (didn't bet)
Seat 2: c25cf935 (small blind) showed [7h As] and lost with Ace-High
Seat 3: Hero (big blind) showed [8s Ks] and won ($2.71) with Pair of Kings
Seat 4: 47018f4b folded before Flop (didn't bet)
Seat 5: 3b268cf6 folded before Flop (didn't bet)
Seat 6: 2309268a folded before Flop (didn't bet)


