Poker Hand #RC1221829603: Hold'em No Limit  ($0.1/$0.25) - 2022/12/15 21:35:07
Table 'RushAndCash5524863' 6-max Seat #1 is the button
Seat 1: 96112e6e ($42.6 in chips)
Seat 2: bdfdf5d3 ($35.23 in chips)
Seat 3: Hero ($58.12 in chips)
Seat 4: 906a880b ($148.44 in chips)
Seat 5: 40b398d7 ($30.35 in chips)
Seat 6: 805c6855 ($21.99 in chips)
bdfdf5d3: posts small blind $0.1
Hero: posts big blind $0.25
*** HOLE CARDS ***
Dealt to 96112e6e
Dealt to bdfdf5d3
Dealt to Hero [Ad Ts]
Dealt to 906a880b
Dealt to 40b398d7
Dealt to 805c6855
906a880b: folds
40b398d7: folds
805c6855: raises $0.38 to $0.63
96112e6e: folds
bdfdf5d3: folds
Hero: calls $0.38
*** FLOP *** [8d 6d Qh]
Hero: checks
805c6855: checks
*** TURN *** [8d 6d Qh] [4s]
Hero: checks
805c6855: checks
*** RIVER *** [8d 6d Qh 4s] [9s]
Hero: checks
805c6855: checks
Hero: shows [Ad Ts] (Ace-High)
805c6855: shows [4h Ah] (Pair of Fours)
*** SHOWDOWN ***
805c6855 collected $1.3 from pot
*** SUMMARY ***
Total pot $1.36 | Rake $0.06 | Jackpot $0 | Bingo $0
Board [8d 6d Qh 4s 9s]
Seat 1: 96112e6e (button) folded before Flop (didn't bet)
Seat 2: bdfdf5d3 (small blind) folded before Flop
Seat 3: Hero (big blind) showed [Ad Ts] and lost with Ace-High
Seat 4: 906a880b folded before Flop (didn't bet)
Seat 5: 40b398d7 folded before Flop (didn't bet)
Seat 6: 805c6855 showed [4h Ah] and won ($1.3) with Pair of Fours


Poker Hand #RC1221829553: Hold'em No Limit  ($0.1/$0.25) - 2022/12/15 21:34:53
Table 'RushAndCash5524813' 6-max Seat #1 is the button
Seat 1: Hero ($57.77 in chips)
Seat 2: 8d4ca176 ($21.07 in chips)
Seat 3: 94bde1f3 ($16.17 in chips)
Seat 4: 80997836 ($33.72 in chips)
Seat 5: ffea6ebc ($27.44 in chips)
Seat 6: 7d7cf7b9 ($77.64 in chips)
8d4ca176: posts small blind $0.1
94bde1f3: posts big blind $0.25
*** HOLE CARDS ***
Dealt to Hero [Ac 6d]
Dealt to 8d4ca176
Dealt to 94bde1f3
Dealt to 80997836
Dealt to ffea6ebc
Dealt to 7d7cf7b9
80997836: folds
ffea6ebc: folds
7d7cf7b9: folds
Hero: raises $0.38 to $0.63
8d4ca176: folds
94bde1f3: folds
Uncalled bet ($0.38) returned to Hero
*** SHOWDOWN ***
Hero collected $0.6 from pot
*** SUMMARY ***
Total pot $0.6 | Rake $0 | Jackpot $0 | Bingo $0
Seat 1: Hero (button) collected ($0.6)
Seat 2: 8d4ca176 (small blind) folded before Flop
Seat 3: 94bde1f3 (big blind) folded before Flop
Seat 4: 80997836 folded before Flop (didn't bet)
Seat 5: ffea6ebc folded before Flop (didn't bet)
Seat 6: 7d7cf7b9 folded before Flop (didn't bet)


Poker Hand #RC1221829376: Hold'em No Limit  ($0.1/$0.25) - 2022/12/15 21:33:55
Table 'RushAndCash5524636' 6-max Seat #1 is the button
Seat 1: f65c2297 ($12.28 in chips)
Seat 2: Hero ($55.88 in chips)
Seat 3: b664a28d ($30.34 in chips)
Seat 4: e8087f81 ($32.63 in chips)
Seat 5: a647c2e6 ($21.12 in chips)
Seat 6: cad13cff ($60.62 in chips)
Hero: posts small blind $0.1
b664a28d: posts big blind $0.25
*** HOLE CARDS ***
Dealt to f65c2297
Dealt to Hero [Qd Td]
Dealt to b664a28d
Dealt to e8087f81
Dealt to a647c2e6
Dealt to cad13cff
e8087f81: folds
a647c2e6: folds
cad13cff: raises $0.38 to $0.63
f65c2297: folds
Hero: raises $1.2 to $1.83
b664a28d: folds
cad13cff: calls $1.2
*** FLOP *** [7d Qc Qs]
Hero: bets $1.96
cad13cff: folds
Uncalled bet ($1.96) returned to Hero
*** SHOWDOWN ***
Hero collected $3.72 from pot
*** SUMMARY ***
Total pot $3.91 | Rake $0.19 | Jackpot $0 | Bingo $0
Board [7d Qc Qs]
Seat 1: f65c2297 (button) folded before Flop (didn't bet)
Seat 2: Hero (small blind) won ($3.72)
Seat 3: b664a28d (big blind) folded before Flop
Seat 4: e8087f81 folded before Flop (didn't bet)
Seat 5: a647c2e6 folded before Flop (didn't bet)
Seat 6: cad13cff folded on the Flop


Poker Hand #RC1221829031: Hold'em No Limit  ($0.1/$0.25) - 2022/12/15 21:32:06
Table 'RushAndCash5524291' 6-max Seat #1 is the button
Seat 1: 44908121 ($97.91 in chips)
Seat 2: 5b225658 ($23.26 in chips)
Seat 3: cd32e5e7 ($47.16 in chips)
Seat 4: Hero ($54.6 in chips)
Seat 5: 4947886a ($40.16 in chips)
Seat 6: dbfc7734 ($49.82 in chips)
5b225658: posts small blind $0.1
cd32e5e7: posts big blind $0.25
*** HOLE CARDS ***
Dealt to 44908121
Dealt to 5b225658
Dealt to cd32e5e7
Dealt to Hero [Jc 6c]
Dealt to 4947886a
Dealt to dbfc7734
Hero: raises $0.38 to $0.63
4947886a: folds
dbfc7734: folds
44908121: folds
5b225658: folds
cd32e5e7: calls $0.38
*** FLOP *** [Th 9s 7d]
cd32e5e7: checks
Hero: checks
*** TURN *** [Th 9s 7d] [8h]
cd32e5e7: bets $0.68
Hero: calls $0.68
*** RIVER *** [Th 9s 7d 8h] [Jh]
cd32e5e7: checks
Hero: bets $2.86
cd32e5e7: folds
Uncalled bet ($2.86) returned to Hero
Hero: shows [Jc 6c] (Jacks-High Straight)
*** SHOWDOWN ***
Hero collected $2.59 from pot
*** SUMMARY ***
Total pot $2.72 | Rake $0.13 | Jackpot $0 | Bingo $0
Board [Th 9s 7d 8h Jh]
Seat 1: 44908121 (button) folded before Flop (didn't bet)
Seat 2: 5b225658 (small blind) folded before Flop
Seat 3: cd32e5e7 (big blind) folded on the River
Seat 4: Hero showed [Jc 6c] and won ($2.59) with Jacks-High Straight
Seat 5: 4947886a folded before Flop (didn't bet)
Seat 6: dbfc7734 folded before Flop (didn't bet)


Poker Hand #RC1221829002: Hold'em No Limit  ($0.1/$0.25) - 2022/12/15 21:31:57
Table 'RushAndCash5524262' 6-max Seat #1 is the button
Seat 1: b0cb0ca3 ($25 in chips)
Seat 2: cd32e5e7 ($47.26 in chips)
Seat 3: 423036ed ($42.72 in chips)
Seat 4: 96112e6e ($48.83 in chips)
Seat 5: 3237ff53 ($19.17 in chips)
Seat 6: Hero ($54.6 in chips)
cd32e5e7: posts small blind $0.1
423036ed: posts big blind $0.25
*** HOLE CARDS ***
Dealt to b0cb0ca3
Dealt to cd32e5e7
Dealt to 423036ed
Dealt to 96112e6e
Dealt to 3237ff53
Dealt to Hero [2h 4h]
96112e6e: folds
3237ff53: folds
Hero: folds
b0cb0ca3: raises $0.38 to $0.63
cd32e5e7: folds
423036ed: folds
Uncalled bet ($0.38) returned to b0cb0ca3
*** SHOWDOWN ***
b0cb0ca3 collected $0.6 from pot
*** SUMMARY ***
Total pot $0.6 | Rake $0 | Jackpot $0 | Bingo $0
Seat 1: b0cb0ca3 (button) collected ($0.6)
Seat 2: cd32e5e7 (small blind) folded before Flop
Seat 3: 423036ed (big blind) folded before Flop
Seat 4: 96112e6e folded before Flop (didn't bet)
Seat 5: 3237ff53 folded before Flop (didn't bet)
Seat 6: Hero folded before Flop (didn't bet)


Poker Hand #RC1221828986: Hold'em No Limit  ($0.1/$0.25) - 2022/12/15 21:31:53
Table 'RushAndCash5524246' 6-max Seat #1 is the button
Seat 1: 6e97191a ($25 in chips)
Seat 2: 5f0707b8 ($17.85 in chips)
Seat 3: 7d7ba07d ($50.02 in chips)
Seat 4: e0e1da8 ($51.13 in chips)
Seat 5: Hero ($54.6 in chips)
Seat 6: 6741a1e9 ($25.67 in chips)
5f0707b8: posts small blind $0.1
7d7ba07d: posts big blind $0.25
*** HOLE CARDS ***
Dealt to 6e97191a
Dealt to 5f0707b8
Dealt to 7d7ba07d
Dealt to e0e1da8
Dealt to Hero [5s 6h]
Dealt to 6741a1e9
e0e1da8: folds
Hero: folds
6741a1e9: folds
6e97191a: raises $0.38 to $0.63
5f0707b8: folds
7d7ba07d: calls $0.38
*** FLOP *** [9s 5h Ac]
7d7ba07d: checks
6e97191a: bets $0.45
7d7ba07d: calls $0.45
*** TURN *** [9s 5h Ac] [5c]
7d7ba07d: checks
6e97191a: bets $1.8
7d7ba07d: folds
Uncalled bet ($1.8) returned to 6e97191a
*** SHOWDOWN ***
6e97191a collected $2.15 from pot
*** SUMMARY ***
Total pot $2.26 | Rake $0.11 | Jackpot $0 | Bingo $0
Board [9s 5h Ac 5c]
Seat 1: 6e97191a (button) won ($2.15)
Seat 2: 5f0707b8 (small blind) folded before Flop
Seat 3: 7d7ba07d (big blind) folded on the Turn
Seat 4: e0e1da8 folded before Flop (didn't bet)
Seat 5: Hero folded before Flop (didn't bet)
Seat 6: 6741a1e9 folded before Flop (didn't bet)


Poker Hand #RC1221828908: Hold'em No Limit  ($0.1/$0.25) - 2022/12/15 21:31:28
Table 'RushAndCash5524168' 6-max Seat #1 is the button
Seat 1: 1870ebf5 ($13.4 in chips)
Seat 2: Hero ($55.35 in chips)
Seat 3: 5f0707b8 ($17.17 in chips)
Seat 4: ea0c9d4e ($67.04 in chips)
Seat 5: ddfbf448 ($34.47 in chips)
Seat 6: 44908121 ($98.26 in chips)
Hero: posts small blind $0.1
5f0707b8: posts big blind $0.25
*** HOLE CARDS ***
Dealt to 1870ebf5
Dealt to Hero [Ts 8s]
Dealt to 5f0707b8
Dealt to ea0c9d4e
Dealt to ddfbf448
Dealt to 44908121
ea0c9d4e: folds
ddfbf448: folds
44908121: folds
1870ebf5: folds
Hero: raises $0.5 to $0.75
5f0707b8: raises $1.5 to $2.25
Hero: folds
Uncalled bet ($1.5) returned to 5f0707b8
*** SHOWDOWN ***
5f0707b8 collected $1.43 from pot
*** SUMMARY ***
Total pot $1.5 | Rake $0.07 | Jackpot $0 | Bingo $0
Seat 1: 1870ebf5 (button) folded before Flop (didn't bet)
Seat 2: Hero (small blind) folded before Flop
Seat 3: 5f0707b8 (big blind) collected ($1.43)
Seat 4: ea0c9d4e folded before Flop (didn't bet)
Seat 5: ddfbf448 folded before Flop (didn't bet)
Seat 6: 44908121 folded before Flop (didn't bet)


Poker Hand #RC1221828880: Hold'em No Limit  ($0.1/$0.25) - 2022/12/15 21:31:19
Table 'RushAndCash5524140' 6-max Seat #1 is the button
Seat 1: e0f2449c ($9.49 in chips)
Seat 2: c3e96dd5 ($38.37 in chips)
Seat 3: Hero ($55.6 in chips)
Seat 4: 819e0262 ($27.43 in chips)
Seat 5: 4b2acf89 ($44.02 in chips)
Seat 6: 1ffa97c1 ($29.35 in chips)
c3e96dd5: posts small blind $0.1
Hero: posts big blind $0.25
*** HOLE CARDS ***
Dealt to e0f2449c
Dealt to c3e96dd5
Dealt to Hero [2s Jc]
Dealt to 819e0262
Dealt to 4b2acf89
Dealt to 1ffa97c1
819e0262: folds
4b2acf89: folds
1ffa97c1: folds
e0f2449c: folds
c3e96dd5: raises $0.5 to $0.75
Hero: folds
Uncalled bet ($0.5) returned to c3e96dd5
*** SHOWDOWN ***
c3e96dd5 collected $0.5 from pot
*** SUMMARY ***
Total pot $0.5 | Rake $0 | Jackpot $0 | Bingo $0
Seat 1: e0f2449c (button) folded before Flop (didn't bet)
Seat 2: c3e96dd5 (small blind) collected ($0.5)
Seat 3: Hero (big blind) folded before Flop
Seat 4: 819e0262 folded before Flop (didn't bet)
Seat 5: 4b2acf89 folded before Flop (didn't bet)
Seat 6: 1ffa97c1 folded before Flop (didn't bet)


Poker Hand #RC1221828869: Hold'em No Limit  ($0.1/$0.25) - 2022/12/15 21:31:16
Table 'RushAndCash5524129' 6-max Seat #1 is the button
Seat 1: 588a2c48 ($83.25 in chips)
Seat 2: 22fb0474 ($74.54 in chips)
Seat 3: 879448f7 ($28.43 in chips)
Seat 4: Hero ($55.6 in chips)
Seat 5: e84a2317 ($26.75 in chips)
Seat 6: 80997836 ($31.96 in chips)
22fb0474: posts small blind $0.1
879448f7: posts big blind $0.25
*** HOLE CARDS ***
Dealt to 588a2c48
Dealt to 22fb0474
Dealt to 879448f7
Dealt to Hero [Qs 7d]
Dealt to e84a2317
Dealt to 80997836
Hero: folds
e84a2317: raises $0.38 to $0.63
80997836: calls $0.63
588a2c48: calls $0.63
22fb0474: folds
879448f7: folds
*** FLOP *** [8c 7c 9c]
e84a2317: bets $1.5
80997836: folds
588a2c48: folds
Uncalled bet ($1.5) returned to e84a2317
*** SHOWDOWN ***
e84a2317 collected $2.13 from pot
*** SUMMARY ***
Total pot $2.24 | Rake $0.11 | Jackpot $0 | Bingo $0
Board [8c 7c 9c]
Seat 1: 588a2c48 (button) folded on the Flop
Seat 2: 22fb0474 (small blind) folded before Flop
Seat 3: 879448f7 (big blind) folded before Flop
Seat 4: Hero folded before Flop (didn't bet)
Seat 5: e84a2317 won ($2.13)
Seat 6: 80997836 folded on the Flop


Poker Hand #RC1221828320: Hold'em No Limit  ($0.1/$0.25) - 2022/12/15 21:28:08
Table 'RushAndCash5523580' 6-max Seat #1 is the button
Seat 1: a89c4ad4 ($34.95 in chips)
Seat 2: e8c43e16 ($58.94 in chips)
Seat 3: 4c470b90 ($34.15 in chips)
Seat 4: d9f895fb ($25 in chips)
Seat 5: Hero ($55.6 in chips)
Seat 6: e278bb52 ($31.02 in chips)
e8c43e16: posts small blind $0.1
4c470b90: posts big blind $0.25
*** HOLE CARDS ***
Dealt to a89c4ad4
Dealt to e8c43e16
Dealt to 4c470b90
Dealt to d9f895fb
Dealt to Hero [Qs 3c]
Dealt to e278bb52
d9f895fb: folds
Hero: folds
e278bb52: folds
a89c4ad4: raises $0.3 to $0.55
e8c43e16: folds
4c470b90: calls $0.3
*** FLOP *** [Kd 4s 9h]
4c470b90: checks
a89c4ad4: bets $0.53
4c470b90: calls $0.53
*** TURN *** [Kd 4s 9h] [Jd]
4c470b90: checks
a89c4ad4: bets $2.1
4c470b90: folds
Uncalled bet ($2.1) returned to a89c4ad4
*** SHOWDOWN ***
a89c4ad4 collected $2.15 from pot
*** SUMMARY ***
Total pot $2.26 | Rake $0.11 | Jackpot $0 | Bingo $0
Board [Kd 4s 9h Jd]
Seat 1: a89c4ad4 (button) won ($2.15)
Seat 2: e8c43e16 (small blind) folded before Flop
Seat 3: 4c470b90 (big blind) folded on the Turn
Seat 4: d9f895fb folded before Flop (didn't bet)
Seat 5: Hero folded before Flop (didn't bet)
Seat 6: e278bb52 folded before Flop (didn't bet)


Poker Hand #RC1221828290: Hold'em No Limit  ($0.1/$0.25) - 2022/12/15 21:28:00
Table 'RushAndCash5523550' 6-max Seat #1 is the button
Seat 1: 8ca8fb12 ($59.15 in chips)
Seat 2: e398792b ($58.33 in chips)
Seat 3: b5e076e3 ($48.87 in chips)
Seat 4: be52d807 ($33.49 in chips)
Seat 5: Hero ($55.6 in chips)
Seat 6: 49081d15 ($86.33 in chips)
e398792b: posts small blind $0.1
b5e076e3: posts big blind $0.25
*** HOLE CARDS ***
Dealt to 8ca8fb12
Dealt to e398792b
Dealt to b5e076e3
Dealt to be52d807
Dealt to Hero [Ks 4h]
Dealt to 49081d15
be52d807: folds
Hero: folds
49081d15: folds
8ca8fb12: folds
e398792b: raises $0.25 to $0.5
b5e076e3: folds
Uncalled bet ($0.25) returned to e398792b
*** SHOWDOWN ***
e398792b collected $0.5 from pot
*** SUMMARY ***
Total pot $0.5 | Rake $0 | Jackpot $0 | Bingo $0
Seat 1: 8ca8fb12 (button) folded before Flop (didn't bet)
Seat 2: e398792b (small blind) collected ($0.5)
Seat 3: b5e076e3 (big blind) folded before Flop
Seat 4: be52d807 folded before Flop (didn't bet)
Seat 5: Hero folded before Flop (didn't bet)
Seat 6: 49081d15 folded before Flop (didn't bet)


Poker Hand #RC1221828267: Hold'em No Limit  ($0.1/$0.25) - 2022/12/15 21:27:53
Table 'RushAndCash5523527' 6-max Seat #1 is the button
Seat 1: Hero ($55.6 in chips)
Seat 2: 3bc3efee ($29.26 in chips)
Seat 3: f901d412 ($30.2 in chips)
Seat 4: c46a4015 ($56.17 in chips)
Seat 5: 2eaf9900 ($25.35 in chips)
Seat 6: bc563ac8 ($32.48 in chips)
3bc3efee: posts small blind $0.1
f901d412: posts big blind $0.25
*** HOLE CARDS ***
Dealt to Hero [2s Jc]
Dealt to 3bc3efee
Dealt to f901d412
Dealt to c46a4015
Dealt to 2eaf9900
Dealt to bc563ac8
c46a4015: folds
2eaf9900: folds
bc563ac8: raises $0.38 to $0.63
Hero: folds
3bc3efee: folds
f901d412: folds
Uncalled bet ($0.38) returned to bc563ac8
*** SHOWDOWN ***
bc563ac8 collected $0.6 from pot
*** SUMMARY ***
Total pot $0.6 | Rake $0 | Jackpot $0 | Bingo $0
Seat 1: Hero (button) folded before Flop (didn't bet)
Seat 2: 3bc3efee (small blind) folded before Flop
Seat 3: f901d412 (big blind) folded before Flop
Seat 4: c46a4015 folded before Flop (didn't bet)
Seat 5: 2eaf9900 folded before Flop (didn't bet)
Seat 6: bc563ac8 collected ($0.6)


Poker Hand #RC1221828126: Hold'em No Limit  ($0.1/$0.25) - 2022/12/15 21:27:10
Table 'RushAndCash5523386' 6-max Seat #1 is the button
Seat 1: 6741a1e9 ($25 in chips)
Seat 2: Hero ($55.35 in chips)
Seat 3: 4598e297 ($82.92 in chips)
Seat 4: 2e63d897 ($84.06 in chips)
Seat 5: f8a502eb ($29.94 in chips)
Seat 6: 2800372e ($27.98 in chips)
Hero: posts small blind $0.1
4598e297: posts big blind $0.25
*** HOLE CARDS ***
Dealt to 6741a1e9
Dealt to Hero [Ac Tc]
Dealt to 4598e297
Dealt to 2e63d897
Dealt to f8a502eb
Dealt to 2800372e
2e63d897: folds
f8a502eb: folds
2800372e: folds
6741a1e9: folds
Hero: raises $0.5 to $0.75
4598e297: folds
Uncalled bet ($0.5) returned to Hero
*** SHOWDOWN ***
Hero collected $0.5 from pot
*** SUMMARY ***
Total pot $0.5 | Rake $0 | Jackpot $0 | Bingo $0
Seat 1: 6741a1e9 (button) folded before Flop (didn't bet)
Seat 2: Hero (small blind) collected ($0.5)
Seat 3: 4598e297 (big blind) folded before Flop
Seat 4: 2e63d897 folded before Flop (didn't bet)
Seat 5: f8a502eb folded before Flop (didn't bet)
Seat 6: 2800372e folded before Flop (didn't bet)


Poker Hand #RC1221827908: Hold'em No Limit  ($0.1/$0.25) - 2022/12/15 21:25:58
Table 'RushAndCash5523168' 6-max Seat #1 is the button
Seat 1: 4611ff10 ($46.69 in chips)
Seat 2: 15a1aaa8 ($40.88 in chips)
Seat 3: Hero ($54.23 in chips)
Seat 4: bdfdf5d3 ($32.46 in chips)
Seat 5: deb7f9ac ($44.74 in chips)
Seat 6: ef415bc0 ($55.69 in chips)
15a1aaa8: posts small blind $0.1
Hero: posts big blind $0.25
*** HOLE CARDS ***
Dealt to 4611ff10
Dealt to 15a1aaa8
Dealt to Hero [6d 6h]
Dealt to bdfdf5d3
Dealt to deb7f9ac
Dealt to ef415bc0
bdfdf5d3: folds
deb7f9ac: folds
ef415bc0: folds
4611ff10: raises $0.38 to $0.63
15a1aaa8: folds
Hero: calls $0.38
*** FLOP *** [6c Ad Ah]
Hero: checks
4611ff10: bets $0.5
Hero: calls $0.5
*** TURN *** [6c Ad Ah] [9c]
Hero: checks
4611ff10: checks
*** RIVER *** [6c Ad Ah 9c] [Qc]
Hero: bets $3.5
4611ff10: folds
Uncalled bet ($3.5) returned to Hero
*** SHOWDOWN ***
Hero collected $2.25 from pot
*** SUMMARY ***
Total pot $2.36 | Rake $0.11 | Jackpot $0 | Bingo $0
Board [6c Ad Ah 9c Qc]
Seat 1: 4611ff10 (button) folded on the River
Seat 2: 15a1aaa8 (small blind) folded before Flop
Seat 3: Hero (big blind) won ($2.25)
Seat 4: bdfdf5d3 folded before Flop (didn't bet)
Seat 5: deb7f9ac folded before Flop (didn't bet)
Seat 6: ef415bc0 folded before Flop (didn't bet)


Poker Hand #RC1221827825: Hold'em No Limit  ($0.1/$0.25) - 2022/12/15 21:25:32
Table 'RushAndCash5523085' 6-max Seat #1 is the button
Seat 1: Hero ($54.86 in chips)
Seat 2: 4611ff10 ($45.88 in chips)
Seat 3: fd64096f ($98.11 in chips)
Seat 4: 1184fb48 ($17.89 in chips)
Seat 5: d4c73d7f ($30.22 in chips)
Seat 6: 805c6855 ($20.02 in chips)
4611ff10: posts small blind $0.1
fd64096f: posts big blind $0.25
*** HOLE CARDS ***
Dealt to Hero [9c As]
Dealt to 4611ff10
Dealt to fd64096f
Dealt to 1184fb48
Dealt to d4c73d7f
Dealt to 805c6855
1184fb48: folds
d4c73d7f: folds
805c6855: folds
Hero: raises $0.38 to $0.63
4611ff10: raises $1.62 to $2.25
fd64096f: folds
Hero: folds
Uncalled bet ($1.62) returned to 4611ff10
*** SHOWDOWN ***
4611ff10 collected $1.44 from pot
*** SUMMARY ***
Total pot $1.51 | Rake $0.07 | Jackpot $0 | Bingo $0
Seat 1: Hero (button) folded before Flop
Seat 2: 4611ff10 (small blind) collected ($1.44)
Seat 3: fd64096f (big blind) folded before Flop
Seat 4: 1184fb48 folded before Flop (didn't bet)
Seat 5: d4c73d7f folded before Flop (didn't bet)
Seat 6: 805c6855 folded before Flop (didn't bet)


Poker Hand #RC1221827811: Hold'em No Limit  ($0.1/$0.25) - 2022/12/15 21:25:27
Table 'RushAndCash5523071' 6-max Seat #1 is the button
Seat 1: bdfdf5d3 ($31.65 in chips)
Seat 2: deb7f9ac ($45.37 in chips)
Seat 3: 3237ff53 ($23.07 in chips)
Seat 4: ff8a9a64 ($25.84 in chips)
Seat 5: Hero ($54.86 in chips)
Seat 6: 9f4d1381 ($9.17 in chips)
deb7f9ac: posts small blind $0.1
3237ff53: posts big blind $0.25
*** HOLE CARDS ***
Dealt to bdfdf5d3
Dealt to deb7f9ac
Dealt to 3237ff53
Dealt to ff8a9a64
Dealt to Hero [8h 4c]
Dealt to 9f4d1381
ff8a9a64: folds
Hero: folds
9f4d1381: folds
bdfdf5d3: raises $0.38 to $0.63
deb7f9ac: calls $0.53
3237ff53: folds
*** FLOP *** [3s 2s 3c]
deb7f9ac: checks
bdfdf5d3: bets $1.14
deb7f9ac: folds
Uncalled bet ($1.14) returned to bdfdf5d3
*** SHOWDOWN ***
bdfdf5d3 collected $1.44 from pot
*** SUMMARY ***
Total pot $1.51 | Rake $0.07 | Jackpot $0 | Bingo $0
Board [3s 2s 3c]
Seat 1: bdfdf5d3 (button) won ($1.44)
Seat 2: deb7f9ac (small blind) folded on the Flop
Seat 3: 3237ff53 (big blind) folded before Flop
Seat 4: ff8a9a64 folded before Flop (didn't bet)
Seat 5: Hero folded before Flop (didn't bet)
Seat 6: 9f4d1381 folded before Flop (didn't bet)


Poker Hand #RC1221827785: Hold'em No Limit  ($0.1/$0.25) - 2022/12/15 21:25:17
Table 'RushAndCash5523045' 6-max Seat #1 is the button
Seat 1: b76a892d ($25 in chips)
Seat 2: 6d31653a ($25.15 in chips)
Seat 3: 96112e6e ($53.01 in chips)
Seat 4: c163921b ($25 in chips)
Seat 5: Hero ($54.86 in chips)
Seat 6: 4e08e43d ($30.81 in chips)
6d31653a: posts small blind $0.1
96112e6e: posts big blind $0.25
*** HOLE CARDS ***
Dealt to b76a892d
Dealt to 6d31653a
Dealt to 96112e6e
Dealt to c163921b
Dealt to Hero [3c 4s]
Dealt to 4e08e43d
c163921b: folds
Hero: folds
4e08e43d: folds
b76a892d: folds
6d31653a: folds
Uncalled bet ($0.15) returned to 96112e6e
*** SHOWDOWN ***
96112e6e collected $0.2 from pot
*** SUMMARY ***
Total pot $0.2 | Rake $0 | Jackpot $0 | Bingo $0
Seat 1: b76a892d (button) folded before Flop (didn't bet)
Seat 2: 6d31653a (small blind) folded before Flop
Seat 3: 96112e6e (big blind) collected ($0.2)
Seat 4: c163921b folded before Flop (didn't bet)
Seat 5: Hero folded before Flop (didn't bet)
Seat 6: 4e08e43d folded before Flop (didn't bet)


Poker Hand #RC1221827582: Hold'em No Limit  ($0.1/$0.25) - 2022/12/15 21:24:11
Table 'RushAndCash5522842' 6-max Seat #1 is the button
Seat 1: 2d42e842 ($28.03 in chips)
Seat 2: db4b049 ($25.45 in chips)
Seat 3: d9f895fb ($27.67 in chips)
Seat 4: 96112e6e ($53.99 in chips)
Seat 5: Hero ($53.96 in chips)
Seat 6: a5c31688 ($41.24 in chips)
db4b049: posts small blind $0.1
d9f895fb: posts big blind $0.25
*** HOLE CARDS ***
Dealt to 2d42e842
Dealt to db4b049
Dealt to d9f895fb
Dealt to 96112e6e
Dealt to Hero [3c 3d]
Dealt to a5c31688
96112e6e: folds
Hero: raises $0.38 to $0.63
a5c31688: calls $0.63
2d42e842: folds
db4b049: folds
d9f895fb: folds
*** FLOP *** [3s 6c As]
Hero: bets $1.07
a5c31688: folds
Uncalled bet ($1.07) returned to Hero
*** SHOWDOWN ***
Hero collected $1.53 from pot
*** SUMMARY ***
Total pot $1.61 | Rake $0.08 | Jackpot $0 | Bingo $0
Board [3s 6c As]
Seat 1: 2d42e842 (button) folded before Flop (didn't bet)
Seat 2: db4b049 (small blind) folded before Flop
Seat 3: d9f895fb (big blind) folded before Flop
Seat 4: 96112e6e folded before Flop (didn't bet)
Seat 5: Hero won ($1.53)
Seat 6: a5c31688 folded on the Flop


Poker Hand #RC1221827569: Hold'em No Limit  ($0.1/$0.25) - 2022/12/15 21:24:07
Table 'RushAndCash5522829' 6-max Seat #1 is the button
Seat 1: Hero ($53.96 in chips)
Seat 2: 879448f7 ($26.45 in chips)
Seat 3: f1134ec0 ($54.85 in chips)
Seat 4: d9f895fb ($27.67 in chips)
Seat 5: f65c2297 ($20.46 in chips)
Seat 6: 6061ead ($25.84 in chips)
879448f7: posts small blind $0.1
f1134ec0: posts big blind $0.25
*** HOLE CARDS ***
Dealt to Hero [2s 7h]
Dealt to 879448f7
Dealt to f1134ec0
Dealt to d9f895fb
Dealt to f65c2297
Dealt to 6061ead
d9f895fb: folds
f65c2297: raises $0.38 to $0.63
6061ead: folds
Hero: folds
879448f7: folds
f1134ec0: folds
Uncalled bet ($0.38) returned to f65c2297
*** SHOWDOWN ***
f65c2297 collected $0.6 from pot
*** SUMMARY ***
Total pot $0.6 | Rake $0 | Jackpot $0 | Bingo $0
Seat 1: Hero (button) folded before Flop (didn't bet)
Seat 2: 879448f7 (small blind) folded before Flop
Seat 3: f1134ec0 (big blind) folded before Flop
Seat 4: d9f895fb folded before Flop (didn't bet)
Seat 5: f65c2297 collected ($0.6)
Seat 6: 6061ead folded before Flop (didn't bet)


Poker Hand #RC1221827546: Hold'em No Limit  ($0.1/$0.25) - 2022/12/15 21:23:58
Table 'RushAndCash5522806' 6-max Seat #1 is the button
Seat 1: 8f976c7 ($70.15 in chips)
Seat 2: 6e97191a ($26.42 in chips)
Seat 3: Hero ($54.21 in chips)
Seat 4: e0007c84 ($25.86 in chips)
Seat 5: 14af8108 ($65.17 in chips)
Seat 6: bdfdf5d3 ($32.28 in chips)
6e97191a: posts small blind $0.1
Hero: posts big blind $0.25
*** HOLE CARDS ***
Dealt to 8f976c7
Dealt to 6e97191a
Dealt to Hero [5s 2c]
Dealt to e0007c84
Dealt to 14af8108
Dealt to bdfdf5d3
e0007c84: folds
14af8108: folds
bdfdf5d3: raises $0.33 to $0.58
8f976c7: folds
6e97191a: folds
Hero: folds
Uncalled bet ($0.33) returned to bdfdf5d3
*** SHOWDOWN ***
bdfdf5d3 collected $0.6 from pot
*** SUMMARY ***
Total pot $0.6 | Rake $0 | Jackpot $0 | Bingo $0
Seat 1: 8f976c7 (button) folded before Flop (didn't bet)
Seat 2: 6e97191a (small blind) folded before Flop
Seat 3: Hero (big blind) folded before Flop
Seat 4: e0007c84 folded before Flop (didn't bet)
Seat 5: 14af8108 folded before Flop (didn't bet)
Seat 6: bdfdf5d3 collected ($0.6)


Poker Hand #RC1221827490: Hold'em No Limit  ($0.1/$0.25) - 2022/12/15 21:23:40
Table 'RushAndCash5522750' 6-max Seat #1 is the button
Seat 1: 12002f26 ($31.77 in chips)
Seat 2: Hero ($54.31 in chips)
Seat 3: afbdc1e ($25 in chips)
Seat 4: 4947886a ($33.33 in chips)
Seat 5: ed2305c1 ($27.39 in chips)
Seat 6: 4611ff10 ($44.09 in chips)
Hero: posts small blind $0.1
afbdc1e: posts big blind $0.25
*** HOLE CARDS ***
Dealt to 12002f26
Dealt to Hero [9h Qh]
Dealt to afbdc1e
Dealt to 4947886a
Dealt to ed2305c1
Dealt to 4611ff10
4947886a: folds
ed2305c1: folds
4611ff10: raises $0.38 to $0.63
12002f26: folds
Hero: folds
afbdc1e: calls $0.38
*** FLOP *** [3c Tc 7c]
afbdc1e: checks
4611ff10: bets $0.5
afbdc1e: folds
Uncalled bet ($0.5) returned to 4611ff10
*** SHOWDOWN ***
4611ff10 collected $1.3 from pot
*** SUMMARY ***
Total pot $1.36 | Rake $0.06 | Jackpot $0 | Bingo $0
Board [3c Tc 7c]
Seat 1: 12002f26 (button) folded before Flop (didn't bet)
Seat 2: Hero (small blind) folded before Flop
Seat 3: afbdc1e (big blind) folded on the Flop
Seat 4: 4947886a folded before Flop (didn't bet)
Seat 5: ed2305c1 folded before Flop (didn't bet)
Seat 6: 4611ff10 won ($1.3)


Poker Hand #RC1221827424: Hold'em No Limit  ($0.1/$0.25) - 2022/12/15 21:23:18
Table 'RushAndCash5522684' 6-max Seat #1 is the button
Seat 1: 423036ed ($28.84 in chips)
Seat 2: 63e83d03 ($47.73 in chips)
Seat 3: aa54e98c ($33.45 in chips)
Seat 4: Hero ($54.31 in chips)
Seat 5: 56f31705 ($25 in chips)
Seat 6: 9aaa2856 ($32.72 in chips)
63e83d03: posts small blind $0.1
aa54e98c: posts big blind $0.25
*** HOLE CARDS ***
Dealt to 423036ed
Dealt to 63e83d03
Dealt to aa54e98c
Dealt to Hero [4d Th]
Dealt to 56f31705
Dealt to 9aaa2856
Hero: folds
56f31705: folds
9aaa2856: folds
423036ed: raises $0.38 to $0.63
63e83d03: calls $0.53
aa54e98c: calls $0.38
*** FLOP *** [6c 8h 2s]
63e83d03: checks
aa54e98c: checks
423036ed: bets $1
63e83d03: calls $1
aa54e98c: folds
*** TURN *** [6c 8h 2s] [Kc]
63e83d03: checks
423036ed: bets $2
63e83d03: raises $4.34 to $6.34
423036ed: folds
Uncalled bet ($4.34) returned to 63e83d03
*** SHOWDOWN ***
63e83d03 collected $7.15 from pot
*** SUMMARY ***
Total pot $7.89 | Rake $0.37 | Jackpot $0.37 | Bingo $0
Board [6c 8h 2s Kc]
Seat 1: 423036ed (button) folded on the Turn
Seat 2: 63e83d03 (small blind) won ($7.15)
Seat 3: aa54e98c (big blind) folded on the Flop
Seat 4: Hero folded before Flop (didn't bet)
Seat 5: 56f31705 folded before Flop (didn't bet)
Seat 6: 9aaa2856 folded before Flop (didn't bet)


Poker Hand #RC1221827386: Hold'em No Limit  ($0.1/$0.25) - 2022/12/15 21:23:08
Table 'RushAndCash5522646' 6-max Seat #1 is the button
Seat 1: 8de65c2f ($48.8 in chips)
Seat 2: 4611ff10 ($43.84 in chips)
Seat 3: 3d1d608 ($122.65 in chips)
Seat 4: Hero ($53.96 in chips)
Seat 5: 2800372e ($30.16 in chips)
Seat 6: ddfbf448 ($33.86 in chips)
4611ff10: posts small blind $0.1
3d1d608: posts big blind $0.25
*** HOLE CARDS ***
Dealt to 8de65c2f
Dealt to 4611ff10
Dealt to 3d1d608
Dealt to Hero [Qd Ah]
Dealt to 2800372e
Dealt to ddfbf448
Hero: raises $0.38 to $0.63
2800372e: folds
ddfbf448: folds
8de65c2f: folds
4611ff10: folds
3d1d608: folds
Uncalled bet ($0.38) returned to Hero
*** SHOWDOWN ***
Hero collected $0.6 from pot
*** SUMMARY ***
Total pot $0.6 | Rake $0 | Jackpot $0 | Bingo $0
Seat 1: 8de65c2f (button) folded before Flop (didn't bet)
Seat 2: 4611ff10 (small blind) folded before Flop
Seat 3: 3d1d608 (big blind) folded before Flop
Seat 4: Hero collected ($0.6)
Seat 5: 2800372e folded before Flop (didn't bet)
Seat 6: ddfbf448 folded before Flop (didn't bet)


Poker Hand #RC1221827345: Hold'em No Limit  ($0.1/$0.25) - 2022/12/15 21:22:56
Table 'RushAndCash5522605' 6-max Seat #1 is the button
Seat 1: a6c4160e ($65.02 in chips)
Seat 2: 8b097e9c ($50.93 in chips)
Seat 3: 91f66f6b ($25.25 in chips)
Seat 4: 80997836 ($25 in chips)
Seat 5: 6e79f0c3 ($31.76 in chips)
Seat 6: Hero ($53.96 in chips)
8b097e9c: posts small blind $0.1
91f66f6b: posts big blind $0.25
*** HOLE CARDS ***
Dealt to a6c4160e
Dealt to 8b097e9c
Dealt to 91f66f6b
Dealt to 80997836
Dealt to 6e79f0c3
Dealt to Hero [6c Th]
80997836: folds
6e79f0c3: folds
Hero: folds
a6c4160e: folds
8b097e9c: folds
Uncalled bet ($0.15) returned to 91f66f6b
*** SHOWDOWN ***
91f66f6b collected $0.2 from pot
*** SUMMARY ***
Total pot $0.2 | Rake $0 | Jackpot $0 | Bingo $0
Seat 1: a6c4160e (button) folded before Flop (didn't bet)
Seat 2: 8b097e9c (small blind) folded before Flop
Seat 3: 91f66f6b (big blind) collected ($0.2)
Seat 4: 80997836 folded before Flop (didn't bet)
Seat 5: 6e79f0c3 folded before Flop (didn't bet)
Seat 6: Hero folded before Flop (didn't bet)


Poker Hand #RC1221827237: Hold'em No Limit  ($0.1/$0.25) - 2022/12/15 21:22:19
Table 'RushAndCash5522497' 6-max Seat #1 is the button
Seat 1: 6e79f0c3 ($29.04 in chips)
Seat 2: Hero ($56.71 in chips)
Seat 3: c163921b ($23.16 in chips)
Seat 4: bc14665e ($14.3 in chips)
Seat 5: f01d6560 ($43.26 in chips)
Seat 6: 79092d3e ($53.55 in chips)
Hero: posts small blind $0.1
c163921b: posts big blind $0.25
*** HOLE CARDS ***
Dealt to 6e79f0c3
Dealt to Hero [6c 6d]
Dealt to c163921b
Dealt to bc14665e
Dealt to f01d6560
Dealt to 79092d3e
bc14665e: folds
f01d6560: folds
79092d3e: folds
6e79f0c3: raises $0.45 to $0.7
Hero: raises $2.05 to $2.75
c163921b: folds
6e79f0c3: raises $2.95 to $5.7
Hero: folds
Uncalled bet ($2.95) returned to 6e79f0c3
*** SHOWDOWN ***
6e79f0c3 collected $5.47 from pot
*** SUMMARY ***
Total pot $5.75 | Rake $0.28 | Jackpot $0 | Bingo $0
Seat 1: 6e79f0c3 (button) collected ($5.47)
Seat 2: Hero (small blind) folded before Flop
Seat 3: c163921b (big blind) folded before Flop
Seat 4: bc14665e folded before Flop (didn't bet)
Seat 5: f01d6560 folded before Flop (didn't bet)
Seat 6: 79092d3e folded before Flop (didn't bet)


Poker Hand #RC1221827219: Hold'em No Limit  ($0.1/$0.25) - 2022/12/15 21:22:13
Table 'RushAndCash5522479' 6-max Seat #1 is the button
Seat 1: Hero ($56.71 in chips)
Seat 2: f8a502eb ($29.53 in chips)
Seat 3: 8e2204dc ($34.21 in chips)
Seat 4: 4fa7b33b ($51.71 in chips)
Seat 5: 73479062 ($39.93 in chips)
Seat 6: b5e076e3 ($40.95 in chips)
f8a502eb: posts small blind $0.1
8e2204dc: posts big blind $0.25
*** HOLE CARDS ***
Dealt to Hero [9h 6s]
Dealt to f8a502eb
Dealt to 8e2204dc
Dealt to 4fa7b33b
Dealt to 73479062
Dealt to b5e076e3
4fa7b33b: folds
73479062: folds
b5e076e3: folds
Hero: folds
f8a502eb: raises $0.43 to $0.68
8e2204dc: raises $1.57 to $2.25
f8a502eb: folds
Uncalled bet ($1.57) returned to 8e2204dc
*** SHOWDOWN ***
8e2204dc collected $1.3 from pot
*** SUMMARY ***
Total pot $1.36 | Rake $0.06 | Jackpot $0 | Bingo $0
Seat 1: Hero (button) folded before Flop (didn't bet)
Seat 2: f8a502eb (small blind) folded before Flop
Seat 3: 8e2204dc (big blind) collected ($1.3)
Seat 4: 4fa7b33b folded before Flop (didn't bet)
Seat 5: 73479062 folded before Flop (didn't bet)
Seat 6: b5e076e3 folded before Flop (didn't bet)


Poker Hand #RC1221827117: Hold'em No Limit  ($0.1/$0.25) - 2022/12/15 21:21:38
Table 'RushAndCash5522377' 6-max Seat #1 is the button
Seat 1: f131e68e ($30.46 in chips)
Seat 2: 6e79f0c3 ($29.24 in chips)
Seat 3: Hero ($57.46 in chips)
Seat 4: 73479062 ($39.16 in chips)
Seat 5: 47fabc96 ($25.1 in chips)
Seat 6: 8b097e9c ($46.29 in chips)
6e79f0c3: posts small blind $0.1
Hero: posts big blind $0.25
*** HOLE CARDS ***
Dealt to f131e68e
Dealt to 6e79f0c3
Dealt to Hero [7c 8d]
Dealt to 73479062
Dealt to 47fabc96
Dealt to 8b097e9c
73479062: raises $0.5 to $0.75
47fabc96: folds
8b097e9c: folds
f131e68e: folds
6e79f0c3: folds
Hero: calls $0.5
*** FLOP *** [Qc 2c Ts]
Hero: checks
73479062: bets $0.8
Hero: folds
Uncalled bet ($0.8) returned to 73479062
*** SHOWDOWN ***
73479062 collected $1.52 from pot
*** SUMMARY ***
Total pot $1.6 | Rake $0.08 | Jackpot $0 | Bingo $0
Board [Qc 2c Ts]
Seat 1: f131e68e (button) folded before Flop (didn't bet)
Seat 2: 6e79f0c3 (small blind) folded before Flop
Seat 3: Hero (big blind) folded on the Flop
Seat 4: 73479062 won ($1.52)
Seat 5: 47fabc96 folded before Flop (didn't bet)
Seat 6: 8b097e9c folded before Flop (didn't bet)


Poker Hand #RC1221827102: Hold'em No Limit  ($0.1/$0.25) - 2022/12/15 21:21:33
Table 'RushAndCash5522362' 6-max Seat #1 is the button
Seat 1: e0f2449c ($32.31 in chips)
Seat 2: 5152928b ($25.3 in chips)
Seat 3: 7e96d13f ($59.8 in chips)
Seat 4: bd9450ff ($28.64 in chips)
Seat 5: 92de0e4a ($26.2 in chips)
Seat 6: Hero ($57.46 in chips)
5152928b: posts small blind $0.1
7e96d13f: posts big blind $0.25
*** HOLE CARDS ***
Dealt to e0f2449c
Dealt to 5152928b
Dealt to 7e96d13f
Dealt to bd9450ff
Dealt to 92de0e4a
Dealt to Hero [9s Kc]
bd9450ff: folds
92de0e4a: folds
Hero: folds
e0f2449c: folds
5152928b: folds
Uncalled bet ($0.15) returned to 7e96d13f
*** SHOWDOWN ***
7e96d13f collected $0.2 from pot
*** SUMMARY ***
Total pot $0.2 | Rake $0 | Jackpot $0 | Bingo $0
Seat 1: e0f2449c (button) folded before Flop (didn't bet)
Seat 2: 5152928b (small blind) folded before Flop
Seat 3: 7e96d13f (big blind) collected ($0.2)
Seat 4: bd9450ff folded before Flop (didn't bet)
Seat 5: 92de0e4a folded before Flop (didn't bet)
Seat 6: Hero folded before Flop (didn't bet)


Poker Hand #RC1221827087: Hold'em No Limit  ($0.1/$0.25) - 2022/12/15 21:21:28
Table 'RushAndCash5522347' 6-max Seat #1 is the button
Seat 1: 354cf86b ($101.84 in chips)
Seat 2: a5c31688 ($51.25 in chips)
Seat 3: 2d42e842 ($25.98 in chips)
Seat 4: 8e2204dc ($33.14 in chips)
Seat 5: ddfbf448 ($30.77 in chips)
Seat 6: Hero ($57.46 in chips)
a5c31688: posts small blind $0.1
2d42e842: posts big blind $0.25
*** HOLE CARDS ***
Dealt to 354cf86b
Dealt to a5c31688
Dealt to 2d42e842
Dealt to 8e2204dc
Dealt to ddfbf448
Dealt to Hero [6s 2s]
8e2204dc: raises $0.25 to $0.5
ddfbf448: folds
Hero: folds
354cf86b: folds
a5c31688: calls $0.4
2d42e842: folds
*** FLOP *** [6d As Ad]
a5c31688: checks
8e2204dc: bets $0.42
a5c31688: calls $0.42
*** TURN *** [6d As Ad] [Qc]
a5c31688: checks
8e2204dc: bets $1.05
a5c31688: folds
Uncalled bet ($1.05) returned to 8e2204dc
*** SHOWDOWN ***
8e2204dc collected $1.99 from pot
*** SUMMARY ***
Total pot $2.09 | Rake $0.1 | Jackpot $0 | Bingo $0
Board [6d As Ad Qc]
Seat 1: 354cf86b (button) folded before Flop (didn't bet)
Seat 2: a5c31688 (small blind) folded on the Turn
Seat 3: 2d42e842 (big blind) folded before Flop
Seat 4: 8e2204dc won ($1.99)
Seat 5: ddfbf448 folded before Flop (didn't bet)
Seat 6: Hero folded before Flop (didn't bet)


Poker Hand #RC1221827054: Hold'em No Limit  ($0.1/$0.25) - 2022/12/15 21:21:18
Table 'RushAndCash5522314' 6-max Seat #1 is the button
Seat 1: 4e2a4c73 ($25.29 in chips)
Seat 2: Hero ($57.56 in chips)
Seat 3: 5090f8bc ($24.32 in chips)
Seat 4: 9d0badd8 ($29.52 in chips)
Seat 5: e0f2449c ($32.56 in chips)
Seat 6: 9a243557 ($32.42 in chips)
Hero: posts small blind $0.1
5090f8bc: posts big blind $0.25
*** HOLE CARDS ***
Dealt to 4e2a4c73
Dealt to Hero [9c 2d]
Dealt to 5090f8bc
Dealt to 9d0badd8
Dealt to e0f2449c
Dealt to 9a243557
9d0badd8: folds
e0f2449c: folds
9a243557: folds
4e2a4c73: folds
Hero: folds
Uncalled bet ($0.15) returned to 5090f8bc
*** SHOWDOWN ***
5090f8bc collected $0.2 from pot
*** SUMMARY ***
Total pot $0.2 | Rake $0 | Jackpot $0 | Bingo $0
Seat 1: 4e2a4c73 (button) folded before Flop (didn't bet)
Seat 2: Hero (small blind) folded before Flop
Seat 3: 5090f8bc (big blind) collected ($0.2)
Seat 4: 9d0badd8 folded before Flop (didn't bet)
Seat 5: e0f2449c folded before Flop (didn't bet)
Seat 6: 9a243557 folded before Flop (didn't bet)


Poker Hand #RC1221827027: Hold'em No Limit  ($0.1/$0.25) - 2022/12/15 21:21:10
Table 'RushAndCash5522287' 6-max Seat #1 is the button
Seat 1: db4b049 ($25.2 in chips)
Seat 2: 6d31653a ($25 in chips)
Seat 3: fec6ed52 ($50.19 in chips)
Seat 4: Hero ($57.56 in chips)
Seat 5: 3237ff53 ($24.13 in chips)
Seat 6: d1c32698 ($34.93 in chips)
6d31653a: posts small blind $0.1
fec6ed52: posts big blind $0.25
*** HOLE CARDS ***
Dealt to db4b049
Dealt to 6d31653a
Dealt to fec6ed52
Dealt to Hero [8d As]
Dealt to 3237ff53
Dealt to d1c32698
Hero: folds
3237ff53: folds
d1c32698: folds
db4b049: folds
6d31653a: folds
Uncalled bet ($0.15) returned to fec6ed52
*** SHOWDOWN ***
fec6ed52 collected $0.2 from pot
*** SUMMARY ***
Total pot $0.2 | Rake $0 | Jackpot $0 | Bingo $0
Seat 1: db4b049 (button) folded before Flop (didn't bet)
Seat 2: 6d31653a (small blind) folded before Flop
Seat 3: fec6ed52 (big blind) collected ($0.2)
Seat 4: Hero folded before Flop (didn't bet)
Seat 5: 3237ff53 folded before Flop (didn't bet)
Seat 6: d1c32698 folded before Flop (didn't bet)


Poker Hand #RC1221826865: Hold'em No Limit  ($0.1/$0.25) - 2022/12/15 21:20:22
Table 'RushAndCash5522125' 6-max Seat #1 is the button
Seat 1: e398792b ($52.09 in chips)
Seat 2: 3f82d2cb ($66.14 in chips)
Seat 3: f458c058 ($37.25 in chips)
Seat 4: b9f35d89 ($23.15 in chips)
Seat 5: 935e38eb ($36.89 in chips)
Seat 6: Hero ($58.19 in chips)
3f82d2cb: posts small blind $0.1
f458c058: posts big blind $0.25
*** HOLE CARDS ***
Dealt to e398792b
Dealt to 3f82d2cb
Dealt to f458c058
Dealt to b9f35d89
Dealt to 935e38eb
Dealt to Hero [As 5s]
b9f35d89: raises $0.38 to $0.63
935e38eb: folds
Hero: calls $0.63
e398792b: folds
3f82d2cb: folds
f458c058: calls $0.38
*** FLOP *** [Qh 4d 9h]
f458c058: checks
b9f35d89: bets $1
Hero: folds
f458c058: calls $1
*** TURN *** [Qh 4d 9h] [Th]
f458c058: checks
b9f35d89: bets $2
f458c058: calls $2
*** RIVER *** [Qh 4d 9h Th] [Qc]
f458c058: checks
b9f35d89: bets $4
f458c058: folds
Uncalled bet ($4) returned to b9f35d89
*** SHOWDOWN ***
b9f35d89 collected $7.24 from pot
*** SUMMARY ***
Total pot $7.99 | Rake $0.38 | Jackpot $0.37 | Bingo $0
Board [Qh 4d 9h Th Qc]
Seat 1: e398792b (button) folded before Flop (didn't bet)
Seat 2: 3f82d2cb (small blind) folded before Flop
Seat 3: f458c058 (big blind) folded on the River
Seat 4: b9f35d89 won ($7.24)
Seat 5: 935e38eb folded before Flop (didn't bet)
Seat 6: Hero folded on the Flop


Poker Hand #RC1221826611: Hold'em No Limit  ($0.1/$0.25) - 2022/12/15 21:19:00
Table 'RushAndCash5521871' 6-max Seat #1 is the button
Seat 1: acb91b34 ($25.57 in chips)
Seat 2: 935e38eb ($34.75 in chips)
Seat 3: Hero ($58.44 in chips)
Seat 4: 4947886a ($25 in chips)
Seat 5: ffea6ebc ($21.82 in chips)
Seat 6: ed2305c1 ($28.37 in chips)
935e38eb: posts small blind $0.1
Hero: posts big blind $0.25
*** HOLE CARDS ***
Dealt to acb91b34
Dealt to 935e38eb
Dealt to Hero [9s Ks]
Dealt to 4947886a
Dealt to ffea6ebc
Dealt to ed2305c1
4947886a: folds
ffea6ebc: folds
ed2305c1: raises $0.25 to $0.5
acb91b34: folds
935e38eb: raises $1.5 to $2
Hero: folds
ed2305c1: calls $1.5
*** FLOP *** [Jh 8d 8h]
935e38eb: checks
ed2305c1: checks
*** TURN *** [Jh 8d 8h] [4s]
935e38eb: bets $4.25
ed2305c1: folds
Uncalled bet ($4.25) returned to 935e38eb
*** SHOWDOWN ***
935e38eb collected $4.04 from pot
*** SUMMARY ***
Total pot $4.25 | Rake $0.21 | Jackpot $0 | Bingo $0
Board [Jh 8d 8h 4s]
Seat 1: acb91b34 (button) folded before Flop (didn't bet)
Seat 2: 935e38eb (small blind) won ($4.04)
Seat 3: Hero (big blind) folded before Flop
Seat 4: 4947886a folded before Flop (didn't bet)
Seat 5: ffea6ebc folded before Flop (didn't bet)
Seat 6: ed2305c1 folded on the Turn


Poker Hand #RC1221826595: Hold'em No Limit  ($0.1/$0.25) - 2022/12/15 21:18:55
Table 'RushAndCash5521855' 6-max Seat #1 is the button
Seat 1: 8f0a1f2f ($68.19 in chips)
Seat 2: 5713d57c ($17.17 in chips)
Seat 3: 4e08e43d ($32.97 in chips)
Seat 4: 15a1aaa8 ($42.43 in chips)
Seat 5: Hero ($58.44 in chips)
Seat 6: a89c4ad4 ($25.82 in chips)
5713d57c: posts small blind $0.1
4e08e43d: posts big blind $0.25
*** HOLE CARDS ***
Dealt to 8f0a1f2f
Dealt to 5713d57c
Dealt to 4e08e43d
Dealt to 15a1aaa8
Dealt to Hero [3c 9c]
Dealt to a89c4ad4
15a1aaa8: folds
Hero: folds
a89c4ad4: folds
8f0a1f2f: folds
5713d57c: folds
Uncalled bet ($0.15) returned to 4e08e43d
*** SHOWDOWN ***
4e08e43d collected $0.2 from pot
*** SUMMARY ***
Total pot $0.2 | Rake $0 | Jackpot $0 | Bingo $0
Seat 1: 8f0a1f2f (button) folded before Flop (didn't bet)
Seat 2: 5713d57c (small blind) folded before Flop
Seat 3: 4e08e43d (big blind) collected ($0.2)
Seat 4: 15a1aaa8 folded before Flop (didn't bet)
Seat 5: Hero folded before Flop (didn't bet)
Seat 6: a89c4ad4 folded before Flop (didn't bet)


Poker Hand #RC1221826569: Hold'em No Limit  ($0.1/$0.25) - 2022/12/15 21:18:45
Table 'RushAndCash5521829' 6-max Seat #1 is the button
Seat 1: Hero ($58.44 in chips)
Seat 2: 1f1d2fec ($13.45 in chips)
Seat 3: a5c31688 ($25.24 in chips)
Seat 4: 2a8c80f6 ($68.11 in chips)
Seat 5: 6741a1e9 ($25 in chips)
Seat 6: bfd2eea6 ($25.67 in chips)
1f1d2fec: posts small blind $0.1
a5c31688: posts big blind $0.25
*** HOLE CARDS ***
Dealt to Hero [As 7h]
Dealt to 1f1d2fec
Dealt to a5c31688
Dealt to 2a8c80f6
Dealt to 6741a1e9
Dealt to bfd2eea6
2a8c80f6: folds
6741a1e9: raises $0.38 to $0.63
bfd2eea6: calls $0.63
Hero: folds
1f1d2fec: folds
a5c31688: calls $0.38
*** FLOP *** [5s 9h 4d]
a5c31688: checks
6741a1e9: bets $0.7
bfd2eea6: calls $0.7
a5c31688: calls $0.7
*** TURN *** [5s 9h 4d] [3c]
a5c31688: checks
6741a1e9: bets $4.09
bfd2eea6: folds
a5c31688: raises $4.61 to $8.7
6741a1e9: calls $4.61
*** RIVER *** [5s 9h 4d 3c] [Jh]
a5c31688: bets $15.21 and is all-in
6741a1e9: calls $14.97 and is all-in
Uncalled bet ($0.24) returned to a5c31688
a5c31688: shows [2d 6d] (Sixes-High Straight)
6741a1e9: shows [8s 9s] (Pair of Nines)
*** SHOWDOWN ***
a5c31688 collected $50.31 from pot
*** SUMMARY ***
Total pot $51.43 | Rake $0.75 | Jackpot $0.37 | Bingo $0
Board [5s 9h 4d 3c Jh]
Seat 1: Hero (button) folded before Flop (didn't bet)
Seat 2: 1f1d2fec (small blind) folded before Flop
Seat 3: a5c31688 (big blind) showed [2d 6d] and won ($50.31) with Sixes-High Straight
Seat 4: 2a8c80f6 folded before Flop (didn't bet)
Seat 5: 6741a1e9 showed [8s 9s] and lost with Pair of Nines
Seat 6: bfd2eea6 folded on the Turn


Poker Hand #RC1221826539: Hold'em No Limit  ($0.1/$0.25) - 2022/12/15 21:18:35
Table 'RushAndCash5521799' 6-max Seat #1 is the button
Seat 1: Hero ($58.44 in chips)
Seat 2: 439f61eb ($25.55 in chips)
Seat 3: 5d84a982 ($31.86 in chips)
Seat 4: 53f394ff ($34.93 in chips)
Seat 5: 172b5566 ($26.26 in chips)
Seat 6: 12002f26 ($35.96 in chips)
439f61eb: posts small blind $0.1
5d84a982: posts big blind $0.25
*** HOLE CARDS ***
Dealt to Hero [4h 9d]
Dealt to 439f61eb
Dealt to 5d84a982
Dealt to 53f394ff
Dealt to 172b5566
Dealt to 12002f26
53f394ff: folds
172b5566: folds
12002f26: folds
Hero: folds
439f61eb: raises $0.5 to $0.75
5d84a982: calls $0.5
*** FLOP *** [7c 7s 5c]
439f61eb: checks
5d84a982: checks
*** TURN *** [7c 7s 5c] [2c]
439f61eb: bets $1.13
5d84a982: calls $1.13
*** RIVER *** [7c 7s 5c 2c] [4s]
439f61eb: bets $3.8
5d84a982: folds
Uncalled bet ($3.8) returned to 439f61eb
*** SHOWDOWN ***
439f61eb collected $3.58 from pot
*** SUMMARY ***
Total pot $3.76 | Rake $0.18 | Jackpot $0 | Bingo $0
Board [7c 7s 5c 2c 4s]
Seat 1: Hero (button) folded before Flop (didn't bet)
Seat 2: 439f61eb (small blind) won ($3.58)
Seat 3: 5d84a982 (big blind) folded on the River
Seat 4: 53f394ff folded before Flop (didn't bet)
Seat 5: 172b5566 folded before Flop (didn't bet)
Seat 6: 12002f26 folded before Flop (didn't bet)


Poker Hand #RC1221826525: Hold'em No Limit  ($0.1/$0.25) - 2022/12/15 21:18:30
Table 'RushAndCash5521785' 6-max Seat #1 is the button
Seat 1: 5d84a982 ($31.86 in chips)
Seat 2: Hero ($58.54 in chips)
Seat 3: d54e5a2a ($25.8 in chips)
Seat 4: 768b520f ($31.36 in chips)
Seat 5: 57317d32 ($26.75 in chips)
Seat 6: ddfbf448 ($35.37 in chips)
Hero: posts small blind $0.1
d54e5a2a: posts big blind $0.25
*** HOLE CARDS ***
Dealt to 5d84a982
Dealt to Hero [Kd 2c]
Dealt to d54e5a2a
Dealt to 768b520f
Dealt to 57317d32
Dealt to ddfbf448
768b520f: raises $0.25 to $0.5
57317d32: folds
ddfbf448: folds
5d84a982: folds
Hero: folds
d54e5a2a: folds
Uncalled bet ($0.25) returned to 768b520f
*** SHOWDOWN ***
768b520f collected $0.6 from pot
*** SUMMARY ***
Total pot $0.6 | Rake $0 | Jackpot $0 | Bingo $0
Seat 1: 5d84a982 (button) folded before Flop (didn't bet)
Seat 2: Hero (small blind) folded before Flop
Seat 3: d54e5a2a (big blind) folded before Flop
Seat 4: 768b520f collected ($0.6)
Seat 5: 57317d32 folded before Flop (didn't bet)
Seat 6: ddfbf448 folded before Flop (didn't bet)


Poker Hand #RC1221826359: Hold'em No Limit  ($0.1/$0.25) - 2022/12/15 21:17:34
Table 'RushAndCash5521619' 6-max Seat #1 is the button
Seat 1: cb510a5e ($42.74 in chips)
Seat 2: 4e2a4c73 ($26.12 in chips)
Seat 3: 49081d15 ($35.47 in chips)
Seat 4: ab189eba ($41.42 in chips)
Seat 5: bcd827c9 ($25.73 in chips)
Seat 6: Hero ($62.08 in chips)
4e2a4c73: posts small blind $0.1
49081d15: posts big blind $0.25
*** HOLE CARDS ***
Dealt to cb510a5e
Dealt to 4e2a4c73
Dealt to 49081d15
Dealt to ab189eba
Dealt to bcd827c9
Dealt to Hero [8d 9d]
ab189eba: folds
bcd827c9: raises $0.38 to $0.63
Hero: raises $1.37 to $2
cb510a5e: folds
4e2a4c73: folds
49081d15: folds
bcd827c9: calls $1.37
*** FLOP *** [3c 3s Ac]
bcd827c9: checks
Hero: bets $1.54
bcd827c9: calls $1.54
*** TURN *** [3c 3s Ac] [2d]
bcd827c9: checks
Hero: checks
*** RIVER *** [3c 3s Ac 2d] [8h]
bcd827c9: bets $6.08
Hero: folds
Uncalled bet ($6.08) returned to bcd827c9
*** SHOWDOWN ***
bcd827c9 collected $7.06 from pot
*** SUMMARY ***
Total pot $7.43 | Rake $0.37 | Jackpot $0 | Bingo $0
Board [3c 3s Ac 2d 8h]
Seat 1: cb510a5e (button) folded before Flop (didn't bet)
Seat 2: 4e2a4c73 (small blind) folded before Flop
Seat 3: 49081d15 (big blind) folded before Flop
Seat 4: ab189eba folded before Flop (didn't bet)
Seat 5: bcd827c9 won ($7.06)
Seat 6: Hero folded on the River


Poker Hand #RC1221826334: Hold'em No Limit  ($0.1/$0.25) - 2022/12/15 21:17:25
Table 'RushAndCash5521594' 6-max Seat #1 is the button
Seat 1: a89c4ad4 ($25.82 in chips)
Seat 2: 1e38fdf6 ($35.05 in chips)
Seat 3: Hero ($61.98 in chips)
Seat 4: 44908121 ($93.09 in chips)
Seat 5: 9cc9c7ef ($49.87 in chips)
Seat 6: 5713d57c ($13.94 in chips)
1e38fdf6: posts small blind $0.1
Hero: posts big blind $0.25
*** HOLE CARDS ***
Dealt to a89c4ad4
Dealt to 1e38fdf6
Dealt to Hero [2s Qc]
Dealt to 44908121
Dealt to 9cc9c7ef
Dealt to 5713d57c
44908121: folds
9cc9c7ef: folds
5713d57c: folds
a89c4ad4: folds
1e38fdf6: folds
Uncalled bet ($0.15) returned to Hero
*** SHOWDOWN ***
Hero collected $0.2 from pot
*** SUMMARY ***
Total pot $0.2 | Rake $0 | Jackpot $0 | Bingo $0
Seat 1: a89c4ad4 (button) folded before Flop (didn't bet)
Seat 2: 1e38fdf6 (small blind) folded before Flop
Seat 3: Hero (big blind) collected ($0.2)
Seat 4: 44908121 folded before Flop (didn't bet)
Seat 5: 9cc9c7ef folded before Flop (didn't bet)
Seat 6: 5713d57c folded before Flop (didn't bet)


Poker Hand #RC1221826318: Hold'em No Limit  ($0.1/$0.25) - 2022/12/15 21:17:18
Table 'RushAndCash5521578' 6-max Seat #1 is the button
Seat 1: d9f895fb ($26.88 in chips)
Seat 2: cd32e5e7 ($42.38 in chips)
Seat 3: 768b520f ($32.47 in chips)
Seat 4: 96112e6e ($55.59 in chips)
Seat 5: Hero ($61.98 in chips)
Seat 6: 53f394ff ($25.25 in chips)
cd32e5e7: posts small blind $0.1
768b520f: posts big blind $0.25
*** HOLE CARDS ***
Dealt to d9f895fb
Dealt to cd32e5e7
Dealt to 768b520f
Dealt to 96112e6e
Dealt to Hero [6c Ad]
Dealt to 53f394ff
96112e6e: folds
Hero: folds
53f394ff: folds
d9f895fb: folds
cd32e5e7: folds
Uncalled bet ($0.15) returned to 768b520f
*** SHOWDOWN ***
768b520f collected $0.2 from pot
*** SUMMARY ***
Total pot $0.2 | Rake $0 | Jackpot $0 | Bingo $0
Seat 1: d9f895fb (button) folded before Flop (didn't bet)
Seat 2: cd32e5e7 (small blind) folded before Flop
Seat 3: 768b520f (big blind) collected ($0.2)
Seat 4: 96112e6e folded before Flop (didn't bet)
Seat 5: Hero folded before Flop (didn't bet)
Seat 6: 53f394ff folded before Flop (didn't bet)


Poker Hand #RC1221826281: Hold'em No Limit  ($0.1/$0.25) - 2022/12/15 21:17:03
Table 'RushAndCash5521541' 6-max Seat #1 is the button
Seat 1: 251d37e4 ($25 in chips)
Seat 2: Hero ($62.08 in chips)
Seat 3: 3b6bc2bc ($16.9 in chips)
Seat 4: 439f61eb ($25 in chips)
Seat 5: 424bc8fd ($25 in chips)
Seat 6: ed2305c1 ($25 in chips)
Hero: posts small blind $0.1
3b6bc2bc: posts big blind $0.25
*** HOLE CARDS ***
Dealt to 251d37e4
Dealt to Hero [8d Qs]
Dealt to 3b6bc2bc
Dealt to 439f61eb
Dealt to 424bc8fd
Dealt to ed2305c1
439f61eb: raises $0.25 to $0.5
424bc8fd: folds
ed2305c1: folds
251d37e4: folds
Hero: folds
3b6bc2bc: calls $0.25
*** FLOP *** [Qc Jd Qh]
3b6bc2bc: checks
439f61eb: bets $0.37
3b6bc2bc: folds
Uncalled bet ($0.37) returned to 439f61eb
*** SHOWDOWN ***
439f61eb collected $1.05 from pot
*** SUMMARY ***
Total pot $1.1 | Rake $0.05 | Jackpot $0 | Bingo $0
Board [Qc Jd Qh]
Seat 1: 251d37e4 (button) folded before Flop (didn't bet)
Seat 2: Hero (small blind) folded before Flop
Seat 3: 3b6bc2bc (big blind) folded on the Flop
Seat 4: 439f61eb won ($1.05)
Seat 5: 424bc8fd folded before Flop (didn't bet)
Seat 6: ed2305c1 folded before Flop (didn't bet)


Poker Hand #RC1221826249: Hold'em No Limit  ($0.1/$0.25) - 2022/12/15 21:16:54
Table 'RushAndCash5521509' 6-max Seat #1 is the button
Seat 1: b0abf87b ($42.22 in chips)
Seat 2: d04ed9d0 ($25 in chips)
Seat 3: 1e776889 ($23.7 in chips)
Seat 4: 14af8108 ($88.95 in chips)
Seat 5: d6495aac ($28.3 in chips)
Seat 6: Hero ($62.08 in chips)
d04ed9d0: posts small blind $0.1
1e776889: posts big blind $0.25
*** HOLE CARDS ***
Dealt to b0abf87b
Dealt to d04ed9d0
Dealt to 1e776889
Dealt to 14af8108
Dealt to d6495aac
Dealt to Hero [8d 3s]
14af8108: folds
d6495aac: folds
Hero: folds
b0abf87b: folds
d04ed9d0: folds
Uncalled bet ($0.15) returned to 1e776889
*** SHOWDOWN ***
1e776889 collected $0.2 from pot
*** SUMMARY ***
Total pot $0.2 | Rake $0 | Jackpot $0 | Bingo $0
Seat 1: b0abf87b (button) folded before Flop (didn't bet)
Seat 2: d04ed9d0 (small blind) folded before Flop
Seat 3: 1e776889 (big blind) collected ($0.2)
Seat 4: 14af8108 folded before Flop (didn't bet)
Seat 5: d6495aac folded before Flop (didn't bet)
Seat 6: Hero folded before Flop (didn't bet)


Poker Hand #RC1221826180: Hold'em No Limit  ($0.1/$0.25) - 2022/12/15 21:16:33
Table 'RushAndCash5521440' 6-max Seat #1 is the button
Seat 1: c60e5602 ($12.84 in chips)
Seat 2: df9b7a42 ($25 in chips)
Seat 3: Hero ($62.33 in chips)
Seat 4: 935e38eb ($32.01 in chips)
Seat 5: 6d158562 ($25 in chips)
Seat 6: a1a9d217 ($29.36 in chips)
df9b7a42: posts small blind $0.1
Hero: posts big blind $0.25
*** HOLE CARDS ***
Dealt to c60e5602
Dealt to df9b7a42
Dealt to Hero [Qh 6d]
Dealt to 935e38eb
Dealt to 6d158562
Dealt to a1a9d217
935e38eb: folds
6d158562: folds
a1a9d217: folds
c60e5602: raises $0.5 to $0.75
df9b7a42: folds
Hero: folds
Uncalled bet ($0.5) returned to c60e5602
*** SHOWDOWN ***
c60e5602 collected $0.6 from pot
*** SUMMARY ***
Total pot $0.6 | Rake $0 | Jackpot $0 | Bingo $0
Seat 1: c60e5602 (button) collected ($0.6)
Seat 2: df9b7a42 (small blind) folded before Flop
Seat 3: Hero (big blind) folded before Flop
Seat 4: 935e38eb folded before Flop (didn't bet)
Seat 5: 6d158562 folded before Flop (didn't bet)
Seat 6: a1a9d217 folded before Flop (didn't bet)


Poker Hand #RC1221826169: Hold'em No Limit  ($0.1/$0.25) - 2022/12/15 21:16:29
Table 'RushAndCash5521429' 6-max Seat #1 is the button
Seat 1: 6d158562 ($25 in chips)
Seat 2: c85bc331 ($14.05 in chips)
Seat 3: 2270f3fd ($19.3 in chips)
Seat 4: 62a69a3e ($26.67 in chips)
Seat 5: Hero ($62.33 in chips)
Seat 6: 6e97191a ($33.15 in chips)
c85bc331: posts small blind $0.1
2270f3fd: posts big blind $0.25
*** HOLE CARDS ***
Dealt to 6d158562
Dealt to c85bc331
Dealt to 2270f3fd
Dealt to 62a69a3e
Dealt to Hero [8c Jh]
Dealt to 6e97191a
62a69a3e: folds
Hero: folds
6e97191a: folds
6d158562: folds
c85bc331: raises $0.25 to $0.5
2270f3fd: folds
Uncalled bet ($0.25) returned to c85bc331
*** SHOWDOWN ***
c85bc331 collected $0.5 from pot
*** SUMMARY ***
Total pot $0.5 | Rake $0 | Jackpot $0 | Bingo $0
Seat 1: 6d158562 (button) folded before Flop (didn't bet)
Seat 2: c85bc331 (small blind) collected ($0.5)
Seat 3: 2270f3fd (big blind) folded before Flop
Seat 4: 62a69a3e folded before Flop (didn't bet)
Seat 5: Hero folded before Flop (didn't bet)
Seat 6: 6e97191a folded before Flop (didn't bet)


Poker Hand #RC1221826143: Hold'em No Limit  ($0.1/$0.25) - 2022/12/15 21:16:19
Table 'RushAndCash5521403' 6-max Seat #1 is the button
Seat 1: Hero ($62.33 in chips)
Seat 2: 439f61eb ($26 in chips)
Seat 3: cb510a5e ($43.27 in chips)
Seat 4: 5152928b ($25.71 in chips)
Seat 5: 62a69a3e ($26.67 in chips)
Seat 6: 2a8c80f6 ($68.56 in chips)
439f61eb: posts small blind $0.1
cb510a5e: posts big blind $0.25
*** HOLE CARDS ***
Dealt to Hero [5d Qc]
Dealt to 439f61eb
Dealt to cb510a5e
Dealt to 5152928b
Dealt to 62a69a3e
Dealt to 2a8c80f6
5152928b: folds
62a69a3e: folds
2a8c80f6: folds
Hero: folds
439f61eb: folds
Uncalled bet ($0.15) returned to cb510a5e
*** SHOWDOWN ***
cb510a5e collected $0.2 from pot
*** SUMMARY ***
Total pot $0.2 | Rake $0 | Jackpot $0 | Bingo $0
Seat 1: Hero (button) folded before Flop (didn't bet)
Seat 2: 439f61eb (small blind) folded before Flop
Seat 3: cb510a5e (big blind) collected ($0.2)
Seat 4: 5152928b folded before Flop (didn't bet)
Seat 5: 62a69a3e folded before Flop (didn't bet)
Seat 6: 2a8c80f6 folded before Flop (didn't bet)


Poker Hand #RC1221826130: Hold'em No Limit  ($0.1/$0.25) - 2022/12/15 21:16:15
Table 'RushAndCash5521390' 6-max Seat #1 is the button
Seat 1: d54e5a2a ($19.96 in chips)
Seat 2: 3c2dff1f ($45.86 in chips)
Seat 3: 2a8c80f6 ($68.81 in chips)
Seat 4: a48f61be ($26 in chips)
Seat 5: 4598e297 ($62.14 in chips)
Seat 6: Hero ($62.33 in chips)
3c2dff1f: posts small blind $0.1
2a8c80f6: posts big blind $0.25
*** HOLE CARDS ***
Dealt to d54e5a2a
Dealt to 3c2dff1f
Dealt to 2a8c80f6
Dealt to a48f61be
Dealt to 4598e297
Dealt to Hero [Ks 2c]
a48f61be: raises $0.5 to $0.75
4598e297: folds
Hero: folds
d54e5a2a: folds
3c2dff1f: folds
2a8c80f6: folds
Uncalled bet ($0.5) returned to a48f61be
*** SHOWDOWN ***
a48f61be collected $0.6 from pot
*** SUMMARY ***
Total pot $0.6 | Rake $0 | Jackpot $0 | Bingo $0
Seat 1: d54e5a2a (button) folded before Flop (didn't bet)
Seat 2: 3c2dff1f (small blind) folded before Flop
Seat 3: 2a8c80f6 (big blind) folded before Flop
Seat 4: a48f61be collected ($0.6)
Seat 5: 4598e297 folded before Flop (didn't bet)
Seat 6: Hero folded before Flop (didn't bet)


Poker Hand #RC1221826110: Hold'em No Limit  ($0.1/$0.25) - 2022/12/15 21:16:07
Table 'RushAndCash5521370' 6-max Seat #1 is the button
Seat 1: 1afa143b ($50.79 in chips)
Seat 2: 56f31705 ($25 in chips)
Seat 3: bb525bfd ($87 in chips)
Seat 4: 8452c00f ($25 in chips)
Seat 5: 79092d3e ($61.66 in chips)
Seat 6: Hero ($62.33 in chips)
56f31705: posts small blind $0.1
bb525bfd: posts big blind $0.25
*** HOLE CARDS ***
Dealt to 1afa143b
Dealt to 56f31705
Dealt to bb525bfd
Dealt to 8452c00f
Dealt to 79092d3e
Dealt to Hero [5d 8d]
8452c00f: folds
79092d3e: folds
Hero: folds
1afa143b: folds
56f31705: folds
Uncalled bet ($0.15) returned to bb525bfd
*** SHOWDOWN ***
bb525bfd collected $0.2 from pot
*** SUMMARY ***
Total pot $0.2 | Rake $0 | Jackpot $0 | Bingo $0
Seat 1: 1afa143b (button) folded before Flop (didn't bet)
Seat 2: 56f31705 (small blind) folded before Flop
Seat 3: bb525bfd (big blind) collected ($0.2)
Seat 4: 8452c00f folded before Flop (didn't bet)
Seat 5: 79092d3e folded before Flop (didn't bet)
Seat 6: Hero folded before Flop (didn't bet)


Poker Hand #RC1221826010: Hold'em No Limit  ($0.1/$0.25) - 2022/12/15 21:15:35
Table 'RushAndCash5521270' 6-max Seat #1 is the button
Seat 1: 86f3c67b ($24 in chips)
Seat 2: Hero ($62.08 in chips)
Seat 3: 2552a29b ($4.95 in chips)
Seat 4: 8b097e9c ($46.34 in chips)
Seat 5: e0007c84 ($25 in chips)
Seat 6: 7e6dcd4 ($61.94 in chips)
Hero: posts small blind $0.1
2552a29b: posts big blind $0.25
*** HOLE CARDS ***
Dealt to 86f3c67b
Dealt to Hero [3s 5s]
Dealt to 2552a29b
Dealt to 8b097e9c
Dealt to e0007c84
Dealt to 7e6dcd4
8b097e9c: folds
e0007c84: folds
7e6dcd4: folds
86f3c67b: folds
Hero: raises $0.5 to $0.75
2552a29b: folds
Uncalled bet ($0.5) returned to Hero
*** SHOWDOWN ***
Hero collected $0.5 from pot
*** SUMMARY ***
Total pot $0.5 | Rake $0 | Jackpot $0 | Bingo $0
Seat 1: 86f3c67b (button) folded before Flop (didn't bet)
Seat 2: Hero (small blind) collected ($0.5)
Seat 3: 2552a29b (big blind) folded before Flop
Seat 4: 8b097e9c folded before Flop (didn't bet)
Seat 5: e0007c84 folded before Flop (didn't bet)
Seat 6: 7e6dcd4 folded before Flop (didn't bet)


Poker Hand #RC1221825995: Hold'em No Limit  ($0.1/$0.25) - 2022/12/15 21:15:28
Table 'RushAndCash5521255' 6-max Seat #1 is the button
Seat 1: 10e375c4 ($6.06 in chips)
Seat 2: afbdc1e ($27.25 in chips)
Seat 3: 15a1aaa8 ($47.77 in chips)
Seat 4: Hero ($62.08 in chips)
Seat 5: a1a9d217 ($28.66 in chips)
Seat 6: cd32e5e7 ($44.27 in chips)
afbdc1e: posts small blind $0.1
15a1aaa8: posts big blind $0.25
*** HOLE CARDS ***
Dealt to 10e375c4
Dealt to afbdc1e
Dealt to 15a1aaa8
Dealt to Hero [4c Qh]
Dealt to a1a9d217
Dealt to cd32e5e7
Hero: folds
a1a9d217: raises $0.3 to $0.55
cd32e5e7: folds
10e375c4: folds
afbdc1e: folds
15a1aaa8: folds
Uncalled bet ($0.3) returned to a1a9d217
*** SHOWDOWN ***
a1a9d217 collected $0.6 from pot
*** SUMMARY ***
Total pot $0.6 | Rake $0 | Jackpot $0 | Bingo $0
Seat 1: 10e375c4 (button) folded before Flop (didn't bet)
Seat 2: afbdc1e (small blind) folded before Flop
Seat 3: 15a1aaa8 (big blind) folded before Flop
Seat 4: Hero folded before Flop (didn't bet)
Seat 5: a1a9d217 collected ($0.6)
Seat 6: cd32e5e7 folded before Flop (didn't bet)


Poker Hand #RC1221825985: Hold'em No Limit  ($0.1/$0.25) - 2022/12/15 21:15:24
Table 'RushAndCash5521245' 6-max Seat #1 is the button
Seat 1: Hero ($62.08 in chips)
Seat 2: b1096694 ($25.45 in chips)
Seat 3: d24a3b1f ($55.17 in chips)
Seat 4: 1046917f ($25.42 in chips)
Seat 5: fbafcb84 ($52.95 in chips)
Seat 6: 8e2204dc ($25 in chips)
b1096694: posts small blind $0.1
d24a3b1f: posts big blind $0.25
*** HOLE CARDS ***
Dealt to Hero [7d Qc]
Dealt to b1096694
Dealt to d24a3b1f
Dealt to 1046917f
Dealt to fbafcb84
Dealt to 8e2204dc
1046917f: folds
fbafcb84: folds
8e2204dc: folds
Hero: folds
b1096694: folds
Uncalled bet ($0.15) returned to d24a3b1f
*** SHOWDOWN ***
d24a3b1f collected $0.2 from pot
*** SUMMARY ***
Total pot $0.2 | Rake $0 | Jackpot $0 | Bingo $0
Seat 1: Hero (button) folded before Flop (didn't bet)
Seat 2: b1096694 (small blind) folded before Flop
Seat 3: d24a3b1f (big blind) collected ($0.2)
Seat 4: 1046917f folded before Flop (didn't bet)
Seat 5: fbafcb84 folded before Flop (didn't bet)
Seat 6: 8e2204dc folded before Flop (didn't bet)


Poker Hand #RC1221825963: Hold'em No Limit  ($0.1/$0.25) - 2022/12/15 21:15:15
Table 'RushAndCash5521223' 6-max Seat #1 is the button
Seat 1: 53f394ff ($25 in chips)
Seat 2: 9aaa2856 ($27.23 in chips)
Seat 3: 3c2dff1f ($45.43 in chips)
Seat 4: c2a51ae3 ($27.51 in chips)
Seat 5: Hero ($62.08 in chips)
Seat 6: d24a3b1f ($55.17 in chips)
9aaa2856: posts small blind $0.1
3c2dff1f: posts big blind $0.25
*** HOLE CARDS ***
Dealt to 53f394ff
Dealt to 9aaa2856
Dealt to 3c2dff1f
Dealt to c2a51ae3
Dealt to Hero [8d 5d]
Dealt to d24a3b1f
c2a51ae3: folds
Hero: folds
d24a3b1f: folds
53f394ff: folds
9aaa2856: raises $0.5 to $0.75
3c2dff1f: raises $1.88 to $2.63
9aaa2856: folds
Uncalled bet ($1.88) returned to 3c2dff1f
*** SHOWDOWN ***
3c2dff1f collected $1.43 from pot
*** SUMMARY ***
Total pot $1.5 | Rake $0.07 | Jackpot $0 | Bingo $0
Seat 1: 53f394ff (button) folded before Flop (didn't bet)
Seat 2: 9aaa2856 (small blind) folded before Flop
Seat 3: 3c2dff1f (big blind) collected ($1.43)
Seat 4: c2a51ae3 folded before Flop (didn't bet)
Seat 5: Hero folded before Flop (didn't bet)
Seat 6: d24a3b1f folded before Flop (didn't bet)


Poker Hand #RC1221825534: Hold'em No Limit  ($0.1/$0.25) - 2022/12/15 21:13:00
Table 'RushAndCash5520794' 6-max Seat #1 is the button
Seat 1: 805c6855 ($13.75 in chips)
Seat 2: e398792b ($37.03 in chips)
Seat 3: Hero ($60.48 in chips)
Seat 4: 505cb92b ($29.6 in chips)
Seat 5: e3bad165 ($28.03 in chips)
Seat 6: fbafcb84 ($54.6 in chips)
e398792b: posts small blind $0.1
Hero: posts big blind $0.25
*** HOLE CARDS ***
Dealt to 805c6855
Dealt to e398792b
Dealt to Hero [Ks 6c]
Dealt to 505cb92b
Dealt to e3bad165
Dealt to fbafcb84
505cb92b: folds
e3bad165: folds
fbafcb84: raises $0.25 to $0.5
805c6855: folds
e398792b: calls $0.4
Hero: calls $0.25
*** FLOP *** [8s Kh 5h]
e398792b: checks
Hero: checks
fbafcb84: bets $0.75
e398792b: folds
Hero: calls $0.75
*** TURN *** [8s Kh 5h] [7s]
Hero: checks
fbafcb84: checks
*** RIVER *** [8s Kh 5h 7s] [Kd]
Hero: bets $1.49
fbafcb84: folds
Uncalled bet ($1.49) returned to Hero
*** SHOWDOWN ***
Hero collected $2.85 from pot
*** SUMMARY ***
Total pot $3 | Rake $0.15 | Jackpot $0 | Bingo $0
Board [8s Kh 5h 7s Kd]
Seat 1: 805c6855 (button) folded before Flop (didn't bet)
Seat 2: e398792b (small blind) folded on the Flop
Seat 3: Hero (big blind) won ($2.85)
Seat 4: 505cb92b folded before Flop (didn't bet)
Seat 5: e3bad165 folded before Flop (didn't bet)
Seat 6: fbafcb84 folded on the River


Poker Hand #RC1221825488: Hold'em No Limit  ($0.1/$0.25) - 2022/12/15 21:12:47
Table 'RushAndCash5520748' 6-max Seat #1 is the button
Seat 1: 66262f65 ($26.94 in chips)
Seat 2: 2552a29b ($5.57 in chips)
Seat 3: 8b097e9c ($46.85 in chips)
Seat 4: Hero ($60.13 in chips)
Seat 5: a48f61be ($32.22 in chips)
Seat 6: 577ee84d ($24.27 in chips)
2552a29b: posts small blind $0.1
8b097e9c: posts big blind $0.25
*** HOLE CARDS ***
Dealt to 66262f65
Dealt to 2552a29b
Dealt to 8b097e9c
Dealt to Hero [Qs Th]
Dealt to a48f61be
Dealt to 577ee84d
Hero: raises $0.38 to $0.63
a48f61be: folds
577ee84d: folds
66262f65: folds
2552a29b: folds
8b097e9c: folds
Uncalled bet ($0.38) returned to Hero
*** SHOWDOWN ***
Hero collected $0.6 from pot
*** SUMMARY ***
Total pot $0.6 | Rake $0 | Jackpot $0 | Bingo $0
Seat 1: 66262f65 (button) folded before Flop (didn't bet)
Seat 2: 2552a29b (small blind) folded before Flop
Seat 3: 8b097e9c (big blind) folded before Flop
Seat 4: Hero collected ($0.6)
Seat 5: a48f61be folded before Flop (didn't bet)
Seat 6: 577ee84d folded before Flop (didn't bet)


Poker Hand #RC1221825474: Hold'em No Limit  ($0.1/$0.25) - 2022/12/15 21:12:43
Table 'RushAndCash5520734' 6-max Seat #1 is the button
Seat 1: f49019d2 ($43.14 in chips)
Seat 2: 1870ebf5 ($15.84 in chips)
Seat 3: 3b6bc2bc ($18.68 in chips)
Seat 4: Hero ($60.13 in chips)
Seat 5: 505cb92b ($29.25 in chips)
Seat 6: c2a51ae3 ($25.27 in chips)
1870ebf5: posts small blind $0.1
3b6bc2bc: posts big blind $0.25
*** HOLE CARDS ***
Dealt to f49019d2
Dealt to 1870ebf5
Dealt to 3b6bc2bc
Dealt to Hero [3h 5d]
Dealt to 505cb92b
Dealt to c2a51ae3
Hero: folds
505cb92b: raises $0.38 to $0.63
c2a51ae3: folds
f49019d2: folds
1870ebf5: folds
3b6bc2bc: folds
Uncalled bet ($0.38) returned to 505cb92b
*** SHOWDOWN ***
505cb92b collected $0.6 from pot
*** SUMMARY ***
Total pot $0.6 | Rake $0 | Jackpot $0 | Bingo $0
Seat 1: f49019d2 (button) folded before Flop (didn't bet)
Seat 2: 1870ebf5 (small blind) folded before Flop
Seat 3: 3b6bc2bc (big blind) folded before Flop
Seat 4: Hero folded before Flop (didn't bet)
Seat 5: 505cb92b collected ($0.6)
Seat 6: c2a51ae3 folded before Flop (didn't bet)


Poker Hand #RC1221825451: Hold'em No Limit  ($0.1/$0.25) - 2022/12/15 21:12:37
Table 'RushAndCash5520711' 6-max Seat #1 is the button
Seat 1: Hero ($60.13 in chips)
Seat 2: bb19569f ($13.9 in chips)
Seat 3: 5b225658 ($26.82 in chips)
Seat 4: ec6f72f7 ($36.45 in chips)
Seat 5: a647c2e6 ($20.35 in chips)
Seat 6: f1134ec0 ($26.93 in chips)
bb19569f: posts small blind $0.1
5b225658: posts big blind $0.25
*** HOLE CARDS ***
Dealt to Hero [7c 2h]
Dealt to bb19569f
Dealt to 5b225658
Dealt to ec6f72f7
Dealt to a647c2e6
Dealt to f1134ec0
ec6f72f7: folds
a647c2e6: folds
f1134ec0: folds
Hero: folds
bb19569f: raises $0.5 to $0.75
5b225658: calls $0.5
*** FLOP *** [6c Ts 3c]
bb19569f: bets $0.5
5b225658: folds
Uncalled bet ($0.5) returned to bb19569f
*** SHOWDOWN ***
bb19569f collected $1.43 from pot
*** SUMMARY ***
Total pot $1.5 | Rake $0.07 | Jackpot $0 | Bingo $0
Board [6c Ts 3c]
Seat 1: Hero (button) folded before Flop (didn't bet)
Seat 2: bb19569f (small blind) won ($1.43)
Seat 3: 5b225658 (big blind) folded on the Flop
Seat 4: ec6f72f7 folded before Flop (didn't bet)
Seat 5: a647c2e6 folded before Flop (didn't bet)
Seat 6: f1134ec0 folded before Flop (didn't bet)


Poker Hand #RC1221825402: Hold'em No Limit  ($0.1/$0.25) - 2022/12/15 21:12:22
Table 'RushAndCash5520662' 6-max Seat #1 is the button
Seat 1: 7dfcec88 ($28.35 in chips)
Seat 2: Hero ($60.23 in chips)
Seat 3: dbbe2ba2 ($25.7 in chips)
Seat 4: b5e076e3 ($40.33 in chips)
Seat 5: 86147e56 ($6.1 in chips)
Seat 6: 3b6bc2bc ($18.33 in chips)
Hero: posts small blind $0.1
dbbe2ba2: posts big blind $0.25
*** HOLE CARDS ***
Dealt to 7dfcec88
Dealt to Hero [3h Td]
Dealt to dbbe2ba2
Dealt to b5e076e3
Dealt to 86147e56
Dealt to 3b6bc2bc
b5e076e3: folds
86147e56: folds
3b6bc2bc: folds
7dfcec88: folds
Hero: folds
Uncalled bet ($0.15) returned to dbbe2ba2
*** SHOWDOWN ***
dbbe2ba2 collected $0.2 from pot
*** SUMMARY ***
Total pot $0.2 | Rake $0 | Jackpot $0 | Bingo $0
Seat 1: 7dfcec88 (button) folded before Flop (didn't bet)
Seat 2: Hero (small blind) folded before Flop
Seat 3: dbbe2ba2 (big blind) collected ($0.2)
Seat 4: b5e076e3 folded before Flop (didn't bet)
Seat 5: 86147e56 folded before Flop (didn't bet)
Seat 6: 3b6bc2bc folded before Flop (didn't bet)


Poker Hand #RC1221824989: Hold'em No Limit  ($0.1/$0.25) - 2022/12/15 21:09:57
Table 'RushAndCash5520249' 6-max Seat #1 is the button
Seat 1: cafac545 ($30.15 in chips)
Seat 2: a48f61be ($36.08 in chips)
Seat 3: Hero ($60.13 in chips)
Seat 4: 768b520f ($24.02 in chips)
Seat 5: f49019d2 ($43.75 in chips)
Seat 6: db429947 ($96.59 in chips)
a48f61be: posts small blind $0.1
Hero: posts big blind $0.25
*** HOLE CARDS ***
Dealt to cafac545
Dealt to a48f61be
Dealt to Hero [4c Td]
Dealt to 768b520f
Dealt to f49019d2
Dealt to db429947
768b520f: folds
f49019d2: folds
db429947: folds
cafac545: folds
a48f61be: folds
Uncalled bet ($0.15) returned to Hero
*** SHOWDOWN ***
Hero collected $0.2 from pot
*** SUMMARY ***
Total pot $0.2 | Rake $0 | Jackpot $0 | Bingo $0
Seat 1: cafac545 (button) folded before Flop (didn't bet)
Seat 2: a48f61be (small blind) folded before Flop
Seat 3: Hero (big blind) collected ($0.2)
Seat 4: 768b520f folded before Flop (didn't bet)
Seat 5: f49019d2 folded before Flop (didn't bet)
Seat 6: db429947 folded before Flop (didn't bet)


Poker Hand #RC1221824974: Hold'em No Limit  ($0.1/$0.25) - 2022/12/15 21:09:52
Table 'RushAndCash5520234' 6-max Seat #1 is the button
Seat 1: a1685a69 ($84.47 in chips)
Seat 2: 805c6855 ($20.2 in chips)
Seat 3: 2a8c80f6 ($72.25 in chips)
Seat 4: Hero ($60.13 in chips)
Seat 5: f317ac0f ($26.04 in chips)
Seat 6: 664f8a49 ($29.94 in chips)
805c6855: posts small blind $0.1
2a8c80f6: posts big blind $0.25
*** HOLE CARDS ***
Dealt to a1685a69
Dealt to 805c6855
Dealt to 2a8c80f6
Dealt to Hero [2c 5d]
Dealt to f317ac0f
Dealt to 664f8a49
Hero: folds
f317ac0f: folds
664f8a49: raises $0.25 to $0.5
a1685a69: folds
805c6855: folds
2a8c80f6: folds
Uncalled bet ($0.25) returned to 664f8a49
*** SHOWDOWN ***
664f8a49 collected $0.6 from pot
*** SUMMARY ***
Total pot $0.6 | Rake $0 | Jackpot $0 | Bingo $0
Seat 1: a1685a69 (button) folded before Flop (didn't bet)
Seat 2: 805c6855 (small blind) folded before Flop
Seat 3: 2a8c80f6 (big blind) folded before Flop
Seat 4: Hero folded before Flop (didn't bet)
Seat 5: f317ac0f folded before Flop (didn't bet)
Seat 6: 664f8a49 collected ($0.6)


Poker Hand #RC1221824937: Hold'em No Limit  ($0.1/$0.25) - 2022/12/15 21:09:40
Table 'RushAndCash5520197' 6-max Seat #1 is the button
Seat 1: 906a880b ($166.8 in chips)
Seat 2: 56f31705 ($26.79 in chips)
Seat 3: f131e68e ($44.9 in chips)
Seat 4: Hero ($59.78 in chips)
Seat 5: f65c2297 ($20.07 in chips)
Seat 6: db429947 ($96.69 in chips)
56f31705: posts small blind $0.1
f131e68e: posts big blind $0.25
*** HOLE CARDS ***
Dealt to 906a880b
Dealt to 56f31705
Dealt to f131e68e
Dealt to Hero [Th 9h]
Dealt to f65c2297
Dealt to db429947
Hero: raises $0.38 to $0.63
f65c2297: folds
db429947: folds
906a880b: folds
56f31705: folds
f131e68e: folds
Uncalled bet ($0.38) returned to Hero
*** SHOWDOWN ***
Hero collected $0.6 from pot
*** SUMMARY ***
Total pot $0.6 | Rake $0 | Jackpot $0 | Bingo $0
Seat 1: 906a880b (button) folded before Flop (didn't bet)
Seat 2: 56f31705 (small blind) folded before Flop
Seat 3: f131e68e (big blind) folded before Flop
Seat 4: Hero collected ($0.6)
Seat 5: f65c2297 folded before Flop (didn't bet)
Seat 6: db429947 folded before Flop (didn't bet)


Poker Hand #RC1221824893: Hold'em No Limit  ($0.1/$0.25) - 2022/12/15 21:09:25
Table 'RushAndCash5520153' 6-max Seat #1 is the button
Seat 1: 6e97191a ($28.99 in chips)
Seat 2: f131e68e ($45 in chips)
Seat 3: e0f2449c ($35.22 in chips)
Seat 4: e398792b ($27.41 in chips)
Seat 5: c58a826c ($33.38 in chips)
Seat 6: Hero ($59.78 in chips)
f131e68e: posts small blind $0.1
e0f2449c: posts big blind $0.25
*** HOLE CARDS ***
Dealt to 6e97191a
Dealt to f131e68e
Dealt to e0f2449c
Dealt to e398792b
Dealt to c58a826c
Dealt to Hero [Js Qd]
e398792b: raises $0.38 to $0.63
c58a826c: folds
Hero: folds
6e97191a: calls $0.63
f131e68e: folds
e0f2449c: folds
*** FLOP *** [Ah 9h 5c]
e398792b: checks
6e97191a: checks
*** TURN *** [Ah 9h 5c] [Ad]
e398792b: bets $0.5
6e97191a: folds
Uncalled bet ($0.5) returned to e398792b
*** SHOWDOWN ***
e398792b collected $1.53 from pot
*** SUMMARY ***
Total pot $1.61 | Rake $0.08 | Jackpot $0 | Bingo $0
Board [Ah 9h 5c Ad]
Seat 1: 6e97191a (button) folded on the Turn
Seat 2: f131e68e (small blind) folded before Flop
Seat 3: e0f2449c (big blind) folded before Flop
Seat 4: e398792b won ($1.53)
Seat 5: c58a826c folded before Flop (didn't bet)
Seat 6: Hero folded before Flop (didn't bet)


Poker Hand #RC1221824777: Hold'em No Limit  ($0.1/$0.25) - 2022/12/15 21:08:44
Table 'RushAndCash5520037' 6-max Seat #1 is the button
Seat 1: Hero ($60.41 in chips)
Seat 2: c46a4015 ($40.38 in chips)
Seat 3: 6d158562 ($35.16 in chips)
Seat 4: 577ee84d ($22.97 in chips)
Seat 5: 3397b1b7 ($25.16 in chips)
Seat 6: a6a92b3f ($30.61 in chips)
c46a4015: posts small blind $0.1
6d158562: posts big blind $0.25
*** HOLE CARDS ***
Dealt to Hero [6h 8h]
Dealt to c46a4015
Dealt to 6d158562
Dealt to 577ee84d
Dealt to 3397b1b7
Dealt to a6a92b3f
577ee84d: raises $0.38 to $0.63
3397b1b7: folds
a6a92b3f: folds
Hero: calls $0.63
c46a4015: folds
6d158562: folds
*** FLOP *** [Ac 7d 2h]
577ee84d: bets $0.54
Hero: folds
Uncalled bet ($0.54) returned to 577ee84d
*** SHOWDOWN ***
577ee84d collected $1.53 from pot
*** SUMMARY ***
Total pot $1.61 | Rake $0.08 | Jackpot $0 | Bingo $0
Board [Ac 7d 2h]
Seat 1: Hero (button) folded on the Flop
Seat 2: c46a4015 (small blind) folded before Flop
Seat 3: 6d158562 (big blind) folded before Flop
Seat 4: 577ee84d won ($1.53)
Seat 5: 3397b1b7 folded before Flop (didn't bet)
Seat 6: a6a92b3f folded before Flop (didn't bet)


Poker Hand #RC1221824756: Hold'em No Limit  ($0.1/$0.25) - 2022/12/15 21:08:37
Table 'RushAndCash5520016' 6-max Seat #1 is the button
Seat 1: 6d158562 ($35.16 in chips)
Seat 2: 6e97191a ($29.97 in chips)
Seat 3: Hero ($60.31 in chips)
Seat 4: dc1fae2c ($43.95 in chips)
Seat 5: a7067c39 ($79.54 in chips)
Seat 6: 6e1d9c06 ($31.19 in chips)
6e97191a: posts small blind $0.1
Hero: posts big blind $0.25
*** HOLE CARDS ***
Dealt to 6d158562
Dealt to 6e97191a
Dealt to Hero [6c Jh]
Dealt to dc1fae2c
Dealt to a7067c39
Dealt to 6e1d9c06
dc1fae2c: folds
a7067c39: folds
6e1d9c06: folds
6d158562: folds
6e97191a: folds
Uncalled bet ($0.15) returned to Hero
*** SHOWDOWN ***
Hero collected $0.2 from pot
*** SUMMARY ***
Total pot $0.2 | Rake $0 | Jackpot $0 | Bingo $0
Seat 1: 6d158562 (button) folded before Flop (didn't bet)
Seat 2: 6e97191a (small blind) folded before Flop
Seat 3: Hero (big blind) collected ($0.2)
Seat 4: dc1fae2c folded before Flop (didn't bet)
Seat 5: a7067c39 folded before Flop (didn't bet)
Seat 6: 6e1d9c06 folded before Flop (didn't bet)


Poker Hand #RC1221774719: Hold'em No Limit  ($0.1/$0.25) - 2022/12/15 21:08:23
Table 'RushAndCash5519979' 6-max Seat #1 is the button
Seat 1: 8da6d0b2 ($48.27 in chips)
Seat 2: Hero ($60.41 in chips)
Seat 3: 1f1d2fec ($14.53 in chips)
Seat 4: a749e946 ($25 in chips)
Seat 5: 4e2a4c73 ($25.93 in chips)
Seat 6: 71012e3b ($25.32 in chips)
Hero: posts small blind $0.1
1f1d2fec: posts big blind $0.25
*** HOLE CARDS ***
Dealt to 8da6d0b2
Dealt to Hero [6c Qh]
Dealt to 1f1d2fec
Dealt to a749e946
Dealt to 4e2a4c73
Dealt to 71012e3b
a749e946: folds
4e2a4c73: folds
71012e3b: folds
8da6d0b2: raises $0.38 to $0.63
Hero: folds
1f1d2fec: folds
Uncalled bet ($0.38) returned to 8da6d0b2
*** SHOWDOWN ***
8da6d0b2 collected $0.6 from pot
*** SUMMARY ***
Total pot $0.6 | Rake $0 | Jackpot $0 | Bingo $0
Seat 1: 8da6d0b2 (button) collected ($0.6)
Seat 2: Hero (small blind) folded before Flop
Seat 3: 1f1d2fec (big blind) folded before Flop
Seat 4: a749e946 folded before Flop (didn't bet)
Seat 5: 4e2a4c73 folded before Flop (didn't bet)
Seat 6: 71012e3b folded before Flop (didn't bet)


Poker Hand #RC1221774517: Hold'em No Limit  ($0.1/$0.25) - 2022/12/15 21:07:18
Table 'RushAndCash5519777' 6-max Seat #1 is the button
Seat 1: 2d2b4d6e ($18.68 in chips)
Seat 2: 1e38fdf6 ($36.28 in chips)
Seat 3: 3d1d608 ($138.34 in chips)
Seat 4: 805c6855 ($20.87 in chips)
Seat 5: 9aaa2856 ($32.21 in chips)
Seat 6: Hero ($54.16 in chips)
1e38fdf6: posts small blind $0.1
3d1d608: posts big blind $0.25
*** HOLE CARDS ***
Dealt to 2d2b4d6e
Dealt to 1e38fdf6
Dealt to 3d1d608
Dealt to 805c6855
Dealt to 9aaa2856
Dealt to Hero [Kd Jc]
805c6855: folds
9aaa2856: folds
Hero: raises $0.38 to $0.63
2d2b4d6e: folds
1e38fdf6: folds
3d1d608: calls $0.38
*** FLOP *** [7s Tc Qh]
3d1d608: checks
Hero: bets $0.78
3d1d608: calls $0.78
*** TURN *** [7s Tc Qh] [As]
3d1d608: checks
Hero: bets $1.46
3d1d608: calls $1.46
*** RIVER *** [7s Tc Qh As] [2h]
3d1d608: checks
Hero: bets $4.36
3d1d608: calls $4.36
Hero: shows [Kd Jc] (Aces-High Straight)
3d1d608: shows [Ac Js] (Pair of Aces)
*** SHOWDOWN ***
Hero collected $13.48 from pot
*** SUMMARY ***
Total pot $14.56 | Rake $0.71 | Jackpot $0.37 | Bingo $0
Board [7s Tc Qh As 2h]
Seat 1: 2d2b4d6e (button) folded before Flop (didn't bet)
Seat 2: 1e38fdf6 (small blind) folded before Flop
Seat 3: 3d1d608 (big blind) showed [Ac Js] and lost with Pair of Aces
Seat 4: 805c6855 folded before Flop (didn't bet)
Seat 5: 9aaa2856 folded before Flop (didn't bet)
Seat 6: Hero showed [Kd Jc] and won ($13.48) with Aces-High Straight


Poker Hand #RC1221774497: Hold'em No Limit  ($0.1/$0.25) - 2022/12/15 21:07:12
Table 'RushAndCash5519757' 6-max Seat #1 is the button
Seat 1: 354cf86b ($93.77 in chips)
Seat 2: ab189eba ($25 in chips)
Seat 3: d54e5a2a ($12.27 in chips)
Seat 4: 681a1f7a ($25 in chips)
Seat 5: df9b7a42 ($25.52 in chips)
Seat 6: Hero ($54.16 in chips)
ab189eba: posts small blind $0.1
d54e5a2a: posts big blind $0.25
*** HOLE CARDS ***
Dealt to 354cf86b
Dealt to ab189eba
Dealt to d54e5a2a
Dealt to 681a1f7a
Dealt to df9b7a42
Dealt to Hero [3c 9d]
681a1f7a: folds
df9b7a42: folds
Hero: folds
354cf86b: folds
ab189eba: raises $0.5 to $0.75
d54e5a2a: calls $0.5
*** FLOP *** [7d 9s 4h]
ab189eba: bets $0.75
d54e5a2a: folds
Uncalled bet ($0.75) returned to ab189eba
*** SHOWDOWN ***
ab189eba collected $1.41 from pot
*** SUMMARY ***
Total pot $1.5 | Rake $0.09 | Jackpot $0 | Bingo $0
Board [7d 9s 4h]
Seat 1: 354cf86b (button) folded before Flop (didn't bet)
Seat 2: ab189eba (small blind) won ($1.41)
Seat 3: d54e5a2a (big blind) folded on the Flop
Seat 4: 681a1f7a folded before Flop (didn't bet)
Seat 5: df9b7a42 folded before Flop (didn't bet)
Seat 6: Hero folded before Flop (didn't bet)


Poker Hand #RC1221774372: Hold'em No Limit  ($0.1/$0.25) - 2022/12/15 21:06:31
Table 'RushAndCash5519632' 6-max Seat #1 is the button
Seat 1: aeffa56d ($25 in chips)
Seat 2: 154f4371 ($38.34 in chips)
Seat 3: 7b71eae8 ($6.9 in chips)
Seat 4: 3397b1b7 ($25.35 in chips)
Seat 5: Hero ($53.84 in chips)
Seat 6: 7e96d13f ($54.79 in chips)
154f4371: posts small blind $0.1
7b71eae8: posts big blind $0.25
*** HOLE CARDS ***
Dealt to aeffa56d
Dealt to 154f4371
Dealt to 7b71eae8
Dealt to 3397b1b7
Dealt to Hero [7d 3c]
Dealt to 7e96d13f
3397b1b7: folds
Hero: calls $0.25
7e96d13f: folds
aeffa56d: folds
154f4371: folds
7b71eae8: checks
*** FLOP *** [5d 5s Jh]
7b71eae8: checks
Hero: bets $0.3
7b71eae8: folds
Uncalled bet ($0.3) returned to Hero
*** SHOWDOWN ***
Hero collected $0.57 from pot
*** SUMMARY ***
Total pot $0.6 | Rake $0.03 | Jackpot $0 | Bingo $0
Board [5d 5s Jh]
Seat 1: aeffa56d (button) folded before Flop (didn't bet)
Seat 2: 154f4371 (small blind) folded before Flop
Seat 3: 7b71eae8 (big blind) folded on the Flop
Seat 4: 3397b1b7 folded before Flop (didn't bet)
Seat 5: Hero won ($0.57)
Seat 6: 7e96d13f folded before Flop (didn't bet)


Poker Hand #RC1221774344: Hold'em No Limit  ($0.1/$0.25) - 2022/12/15 21:06:22
Table 'RushAndCash5519604' 6-max Seat #1 is the button
Seat 1: Hero ($53.84 in chips)
Seat 2: f01d6560 ($43.19 in chips)
Seat 3: fbafcb84 ($56.01 in chips)
Seat 4: 80bbd078 ($25.35 in chips)
Seat 5: e07c599d ($27.24 in chips)
Seat 6: 3f82d2cb ($28.16 in chips)
f01d6560: posts small blind $0.1
fbafcb84: posts big blind $0.25
*** HOLE CARDS ***
Dealt to Hero [9s 3c]
Dealt to f01d6560
Dealt to fbafcb84
Dealt to 80bbd078
Dealt to e07c599d
Dealt to 3f82d2cb
80bbd078: raises $0.3 to $0.55
e07c599d: folds
3f82d2cb: folds
Hero: folds
f01d6560: folds
fbafcb84: folds
Uncalled bet ($0.3) returned to 80bbd078
*** SHOWDOWN ***
80bbd078 collected $0.6 from pot
*** SUMMARY ***
Total pot $0.6 | Rake $0 | Jackpot $0 | Bingo $0
Seat 1: Hero (button) folded before Flop (didn't bet)
Seat 2: f01d6560 (small blind) folded before Flop
Seat 3: fbafcb84 (big blind) folded before Flop
Seat 4: 80bbd078 collected ($0.6)
Seat 5: e07c599d folded before Flop (didn't bet)
Seat 6: 3f82d2cb folded before Flop (didn't bet)


Poker Hand #RC1221774060: Hold'em No Limit  ($0.1/$0.25) - 2022/12/15 21:04:47
Table 'RushAndCash5519320' 6-max Seat #1 is the button
Seat 1: d6495aac ($24.95 in chips)
Seat 2: c85bc331 ($17.61 in chips)
Seat 3: Hero ($54.97 in chips)
Seat 4: 3bc3efee ($27.67 in chips)
Seat 5: acfb47a2 ($12.22 in chips)
Seat 6: 20364da4 ($26.37 in chips)
c85bc331: posts small blind $0.1
Hero: posts big blind $0.25
*** HOLE CARDS ***
Dealt to d6495aac
Dealt to c85bc331
Dealt to Hero [4s 2s]
Dealt to 3bc3efee
Dealt to acfb47a2
Dealt to 20364da4
3bc3efee: raises $0.38 to $0.63
acfb47a2: folds
20364da4: folds
d6495aac: folds
c85bc331: folds
Hero: calls $0.38
*** FLOP *** [Tc Ah 7s]
Hero: checks
3bc3efee: checks
*** TURN *** [Tc Ah 7s] [5d]
Hero: bets $0.5
3bc3efee: calls $0.5
*** RIVER *** [Tc Ah 7s 5d] [2d]
Hero: checks
3bc3efee: bets $0.78
Hero: folds
Uncalled bet ($0.78) returned to 3bc3efee
*** SHOWDOWN ***
3bc3efee collected $2.22 from pot
*** SUMMARY ***
Total pot $2.36 | Rake $0.14 | Jackpot $0 | Bingo $0
Board [Tc Ah 7s 5d 2d]
Seat 1: d6495aac (button) folded before Flop (didn't bet)
Seat 2: c85bc331 (small blind) folded before Flop
Seat 3: Hero (big blind) folded on the River
Seat 4: 3bc3efee won ($2.22)
Seat 5: acfb47a2 folded before Flop (didn't bet)
Seat 6: 20364da4 folded before Flop (didn't bet)


Poker Hand #RC1221774043: Hold'em No Limit  ($0.1/$0.25) - 2022/12/15 21:04:41
Table 'RushAndCash5519303' 6-max Seat #1 is the button
Seat 1: ee8579e1 ($25 in chips)
Seat 2: 6e79f0c3 ($27.68 in chips)
Seat 3: cafac545 ($25.02 in chips)
Seat 4: 424bc8fd ($25.74 in chips)
Seat 5: 84109c99 ($21.84 in chips)
Seat 6: Hero ($54.97 in chips)
6e79f0c3: posts small blind $0.1
cafac545: posts big blind $0.25
*** HOLE CARDS ***
Dealt to ee8579e1
Dealt to 6e79f0c3
Dealt to cafac545
Dealt to 424bc8fd
Dealt to 84109c99
Dealt to Hero [Jc 8h]
424bc8fd: folds
84109c99: raises $0.5 to $0.75
Hero: folds
ee8579e1: folds
6e79f0c3: folds
cafac545: folds
Uncalled bet ($0.5) returned to 84109c99
*** SHOWDOWN ***
84109c99 collected $0.6 from pot
*** SUMMARY ***
Total pot $0.6 | Rake $0 | Jackpot $0 | Bingo $0
Seat 1: ee8579e1 (button) folded before Flop (didn't bet)
Seat 2: 6e79f0c3 (small blind) folded before Flop
Seat 3: cafac545 (big blind) folded before Flop
Seat 4: 424bc8fd folded before Flop (didn't bet)
Seat 5: 84109c99 collected ($0.6)
Seat 6: Hero folded before Flop (didn't bet)


Poker Hand #RC1221773908: Hold'em No Limit  ($0.1/$0.25) - 2022/12/15 21:03:53
Table 'RushAndCash5519168' 6-max Seat #1 is the button
Seat 1: 3c2dff1f ($46.58 in chips)
Seat 2: Hero ($54.72 in chips)
Seat 3: 10e375c4 ($10.25 in chips)
Seat 4: b241f36d ($28.4 in chips)
Seat 5: e398792b ($26.91 in chips)
Seat 6: 39e13d72 ($25.67 in chips)
Hero: posts small blind $0.1
10e375c4: posts big blind $0.25
*** HOLE CARDS ***
Dealt to 3c2dff1f
Dealt to Hero [Jh 3h]
Dealt to 10e375c4
Dealt to b241f36d
Dealt to e398792b
Dealt to 39e13d72
b241f36d: folds
e398792b: folds
39e13d72: folds
3c2dff1f: folds
Hero: raises $0.5 to $0.75
10e375c4: folds
Uncalled bet ($0.5) returned to Hero
*** SHOWDOWN ***
Hero collected $0.5 from pot
*** SUMMARY ***
Total pot $0.5 | Rake $0 | Jackpot $0 | Bingo $0
Seat 1: 3c2dff1f (button) folded before Flop (didn't bet)
Seat 2: Hero (small blind) collected ($0.5)
Seat 3: 10e375c4 (big blind) folded before Flop
Seat 4: b241f36d folded before Flop (didn't bet)
Seat 5: e398792b folded before Flop (didn't bet)
Seat 6: 39e13d72 folded before Flop (didn't bet)


Poker Hand #RC1221773486: Hold'em No Limit  ($0.1/$0.25) - 2022/12/15 21:01:29
Table 'RushAndCash5518746' 6-max Seat #1 is the button
Seat 1: ef4713d6 ($59.76 in chips)
Seat 2: dbfc7734 ($27.55 in chips)
Seat 3: cd70b971 ($66.77 in chips)
Seat 4: 3c2dff1f ($45.69 in chips)
Seat 5: Hero ($48.09 in chips)
Seat 6: a32ee430 ($25.68 in chips)
Cash Drop to Pot : total $2.5
dbfc7734: posts small blind $0.1
cd70b971: posts big blind $0.25
*** HOLE CARDS ***
Dealt to ef4713d6
Dealt to dbfc7734
Dealt to cd70b971
Dealt to 3c2dff1f
Dealt to Hero [Qh Jh]
Dealt to a32ee430
3c2dff1f: folds
Hero: raises $2.25 to $2.5
a32ee430: folds
ef4713d6: folds
dbfc7734: folds
cd70b971: calls $2.25
*** FLOP *** [Ah 5s Tc]
cd70b971: checks
Hero: bets $2.51
cd70b971: calls $2.51
*** TURN *** [Ah 5s Tc] [Ks]
cd70b971: checks
Hero: bets $10.73
cd70b971: folds
Uncalled bet ($10.73) returned to Hero
*** SHOWDOWN ***
Hero collected $11.64 from pot
*** SUMMARY ***
Total pot $12.62 | Rake $0.61 | Jackpot $0.37 | Bingo $0
Board [Ah 5s Tc Ks]
Seat 1: ef4713d6 (button) folded before Flop (didn't bet)
Seat 2: dbfc7734 (small blind) folded before Flop
Seat 3: cd70b971 (big blind) folded on the Turn
Seat 4: 3c2dff1f folded before Flop (didn't bet)
Seat 5: Hero won ($11.64)
Seat 6: a32ee430 folded before Flop (didn't bet)


Poker Hand #RC1221773469: Hold'em No Limit  ($0.1/$0.25) - 2022/12/15 21:01:24
Table 'RushAndCash5518729' 6-max Seat #1 is the button
Seat 1: 49081d15 ($31.66 in chips)
Seat 2: 9034055c ($25.23 in chips)
Seat 3: c0e3a4ba ($25 in chips)
Seat 4: e0e1da8 ($52.67 in chips)
Seat 5: Hero ($48.09 in chips)
Seat 6: 7a912891 ($34.4 in chips)
9034055c: posts small blind $0.1
c0e3a4ba: posts big blind $0.25
*** HOLE CARDS ***
Dealt to 49081d15
Dealt to 9034055c
Dealt to c0e3a4ba
Dealt to e0e1da8
Dealt to Hero [6d 4h]
Dealt to 7a912891
e0e1da8: raises $0.38 to $0.63
Hero: folds
7a912891: folds
49081d15: folds
9034055c: folds
c0e3a4ba: folds
Uncalled bet ($0.38) returned to e0e1da8
*** SHOWDOWN ***
e0e1da8 collected $0.6 from pot
*** SUMMARY ***
Total pot $0.6 | Rake $0 | Jackpot $0 | Bingo $0
Seat 1: 49081d15 (button) folded before Flop (didn't bet)
Seat 2: 9034055c (small blind) folded before Flop
Seat 3: c0e3a4ba (big blind) folded before Flop
Seat 4: e0e1da8 collected ($0.6)
Seat 5: Hero folded before Flop (didn't bet)
Seat 6: 7a912891 folded before Flop (didn't bet)


Poker Hand #RC1221773333: Hold'em No Limit  ($0.1/$0.25) - 2022/12/15 21:00:39
Table 'RushAndCash5518593' 6-max Seat #1 is the button
Seat 1: e9e8bdf8 ($26.47 in chips)
Seat 2: 38ef16d2 ($25 in chips)
Seat 3: Hero ($49.19 in chips)
Seat 4: 9034055c ($26.33 in chips)
Seat 5: a76210fc ($17.02 in chips)
Seat 6: dc54a34e ($14.92 in chips)
38ef16d2: posts small blind $0.1
Hero: posts big blind $0.25
*** HOLE CARDS ***
Dealt to e9e8bdf8
Dealt to 38ef16d2
Dealt to Hero [5s 4s]
Dealt to 9034055c
Dealt to a76210fc
Dealt to dc54a34e
9034055c: raises $0.38 to $0.63
a76210fc: folds
dc54a34e: folds
e9e8bdf8: folds
38ef16d2: raises $0.47 to $1.1
Hero: calls $0.85
9034055c: calls $0.47
*** FLOP *** [Jh Qs 7h]
38ef16d2: checks
Hero: checks
9034055c: checks
*** TURN *** [Jh Qs 7h] [Ad]
38ef16d2: bets $1.03
Hero: folds
9034055c: folds
Uncalled bet ($1.03) returned to 38ef16d2
*** SHOWDOWN ***
38ef16d2 collected $3.14 from pot
*** SUMMARY ***
Total pot $3.3 | Rake $0.16 | Jackpot $0 | Bingo $0
Board [Jh Qs 7h Ad]
Seat 1: e9e8bdf8 (button) folded before Flop (didn't bet)
Seat 2: 38ef16d2 (small blind) won ($3.14)
Seat 3: Hero (big blind) folded on the Turn
Seat 4: 9034055c folded on the Turn
Seat 5: a76210fc folded before Flop (didn't bet)
Seat 6: dc54a34e folded before Flop (didn't bet)


Poker Hand #RC1221773299: Hold'em No Limit  ($0.1/$0.25) - 2022/12/15 21:00:28
Table 'RushAndCash5518559' 6-max Seat #1 is the button
Seat 1: Hero ($48.84 in chips)
Seat 2: 79092d3e ($57.25 in chips)
Seat 3: 9ecd2520 ($25 in chips)
Seat 4: 9fc30e80 ($77.4 in chips)
Seat 5: 53f394ff ($25.22 in chips)
Seat 6: 8f0a1f2f ($66.34 in chips)
79092d3e: posts small blind $0.1
9ecd2520: posts big blind $0.25
*** HOLE CARDS ***
Dealt to Hero [9d As]
Dealt to 79092d3e
Dealt to 9ecd2520
Dealt to 9fc30e80
Dealt to 53f394ff
Dealt to 8f0a1f2f
9fc30e80: folds
53f394ff: folds
8f0a1f2f: folds
Hero: raises $0.38 to $0.63
79092d3e: folds
9ecd2520: folds
Uncalled bet ($0.38) returned to Hero
*** SHOWDOWN ***
Hero collected $0.6 from pot
*** SUMMARY ***
Total pot $0.6 | Rake $0 | Jackpot $0 | Bingo $0
Seat 1: Hero (button) collected ($0.6)
Seat 2: 79092d3e (small blind) folded before Flop
Seat 3: 9ecd2520 (big blind) folded before Flop
Seat 4: 9fc30e80 folded before Flop (didn't bet)
Seat 5: 53f394ff folded before Flop (didn't bet)
Seat 6: 8f0a1f2f folded before Flop (didn't bet)


Poker Hand #RC1221773074: Hold'em No Limit  ($0.1/$0.25) - 2022/12/15 20:59:15
Table 'RushAndCash5518334' 6-max Seat #1 is the button
Seat 1: a32ee430 ($25.61 in chips)
Seat 2: Hero ($51.84 in chips)
Seat 3: 7e6dcd4 ($39.09 in chips)
Seat 4: 8a07553c ($47.77 in chips)
Seat 5: fbafcb84 ($54.21 in chips)
Seat 6: eb40ea78 ($27.49 in chips)
Hero: posts small blind $0.1
7e6dcd4: posts big blind $0.25
*** HOLE CARDS ***
Dealt to a32ee430
Dealt to Hero [3c 6c]
Dealt to 7e6dcd4
Dealt to 8a07553c
Dealt to fbafcb84
Dealt to eb40ea78
8a07553c: folds
fbafcb84: folds
eb40ea78: folds
a32ee430: folds
Hero: calls $0.15
7e6dcd4: raises $0.75 to $1
Hero: calls $0.75
*** FLOP *** [4c Qc 6s]
Hero: checks
7e6dcd4: bets $1
Hero: calls $1
*** TURN *** [4c Qc 6s] [Qh]
Hero: checks
7e6dcd4: checks
*** RIVER *** [4c Qc 6s Qh] [7s]
Hero: bets $1
7e6dcd4: calls $1
Hero: shows [3c 6c] (Pair of Queens and Pair of Sixes)
7e6dcd4: shows [Ts Th] (Pair of Queens and Pair of Tens)
*** SHOWDOWN ***
7e6dcd4 collected $5.7 from pot
*** SUMMARY ***
Total pot $6 | Rake $0.3 | Jackpot $0 | Bingo $0
Board [4c Qc 6s Qh 7s]
Seat 1: a32ee430 (button) folded before Flop (didn't bet)
Seat 2: Hero (small blind) showed [3c 6c] and lost with Pair of Queens and Pair of Sixes
Seat 3: 7e6dcd4 (big blind) showed [Ts Th] and won ($5.7) with Pair of Queens and Pair of Tens
Seat 4: 8a07553c folded before Flop (didn't bet)
Seat 5: fbafcb84 folded before Flop (didn't bet)
Seat 6: eb40ea78 folded before Flop (didn't bet)


Poker Hand #RC1221773054: Hold'em No Limit  ($0.1/$0.25) - 2022/12/15 20:59:08
Table 'RushAndCash5518314' 6-max Seat #1 is the button
Seat 1: 10e375c4 ($25 in chips)
Seat 2: 9b86abb8 ($31.17 in chips)
Seat 3: 9eef8d6e ($25.95 in chips)
Seat 4: bc563ac8 ($25.35 in chips)
Seat 5: 22fb0474 ($27.72 in chips)
Seat 6: Hero ($51.84 in chips)
9b86abb8: posts small blind $0.1
9eef8d6e: posts big blind $0.25
*** HOLE CARDS ***
Dealt to 10e375c4
Dealt to 9b86abb8
Dealt to 9eef8d6e
Dealt to bc563ac8
Dealt to 22fb0474
Dealt to Hero [Tc 3h]
bc563ac8: folds
22fb0474: folds
Hero: folds
10e375c4: raises $0.38 to $0.63
9b86abb8: folds
9eef8d6e: folds
Uncalled bet ($0.38) returned to 10e375c4
*** SHOWDOWN ***
10e375c4 collected $0.6 from pot
*** SUMMARY ***
Total pot $0.6 | Rake $0 | Jackpot $0 | Bingo $0
Seat 1: 10e375c4 (button) collected ($0.6)
Seat 2: 9b86abb8 (small blind) folded before Flop
Seat 3: 9eef8d6e (big blind) folded before Flop
Seat 4: bc563ac8 folded before Flop (didn't bet)
Seat 5: 22fb0474 folded before Flop (didn't bet)
Seat 6: Hero folded before Flop (didn't bet)


Poker Hand #RC1221773015: Hold'em No Limit  ($0.1/$0.25) - 2022/12/15 20:58:55
Table 'RushAndCash5518275' 6-max Seat #1 is the button
Seat 1: b5e076e3 ($25 in chips)
Seat 2: a1a9d217 ($25.1 in chips)
Seat 3: df9b7a42 ($25.73 in chips)
Seat 4: Hero ($51.84 in chips)
Seat 5: 7a912891 ($32.16 in chips)
Seat 6: ab189eba ($25.1 in chips)
a1a9d217: posts small blind $0.1
df9b7a42: posts big blind $0.25
*** HOLE CARDS ***
Dealt to b5e076e3
Dealt to a1a9d217
Dealt to df9b7a42
Dealt to Hero [Th 4s]
Dealt to 7a912891
Dealt to ab189eba
Hero: folds
7a912891: folds
ab189eba: raises $0.38 to $0.63
b5e076e3: folds
a1a9d217: folds
df9b7a42: folds
Uncalled bet ($0.38) returned to ab189eba
*** SHOWDOWN ***
ab189eba collected $0.6 from pot
*** SUMMARY ***
Total pot $0.6 | Rake $0 | Jackpot $0 | Bingo $0
Seat 1: b5e076e3 (button) folded before Flop (didn't bet)
Seat 2: a1a9d217 (small blind) folded before Flop
Seat 3: df9b7a42 (big blind) folded before Flop
Seat 4: Hero folded before Flop (didn't bet)
Seat 5: 7a912891 folded before Flop (didn't bet)
Seat 6: ab189eba collected ($0.6)


Poker Hand #RC1221772995: Hold'em No Limit  ($0.1/$0.25) - 2022/12/15 20:58:48
Table 'RushAndCash5518255' 6-max Seat #1 is the button
Seat 1: 9b86abb8 ($31.07 in chips)
Seat 2: ef415bc0 ($62.78 in chips)
Seat 3: 10e375c4 ($25 in chips)
Seat 4: 571a8488 ($35.41 in chips)
Seat 5: Hero ($51.84 in chips)
Seat 6: 8d0efde0 ($33.71 in chips)
ef415bc0: posts small blind $0.1
10e375c4: posts big blind $0.25
*** HOLE CARDS ***
Dealt to 9b86abb8
Dealt to ef415bc0
Dealt to 10e375c4
Dealt to 571a8488
Dealt to Hero [Td 2c]
Dealt to 8d0efde0
571a8488: folds
Hero: folds
8d0efde0: folds
9b86abb8: folds
ef415bc0: raises $0.5 to $0.75
10e375c4: folds
Uncalled bet ($0.5) returned to ef415bc0
*** SHOWDOWN ***
ef415bc0 collected $0.5 from pot
*** SUMMARY ***
Total pot $0.5 | Rake $0 | Jackpot $0 | Bingo $0
Seat 1: 9b86abb8 (button) folded before Flop (didn't bet)
Seat 2: ef415bc0 (small blind) collected ($0.5)
Seat 3: 10e375c4 (big blind) folded before Flop
Seat 4: 571a8488 folded before Flop (didn't bet)
Seat 5: Hero folded before Flop (didn't bet)
Seat 6: 8d0efde0 folded before Flop (didn't bet)


Poker Hand #RC1221772750: Hold'em No Limit  ($0.1/$0.25) - 2022/12/15 20:57:32
Table 'RushAndCash5518010' 6-max Seat #1 is the button
Seat 1: db396757 ($28.72 in chips)
Seat 2: Hero ($49.74 in chips)
Seat 3: a3c00de9 ($27.25 in chips)
Seat 4: bd75ff0 ($32.91 in chips)
Seat 5: a872a30d ($26.89 in chips)
Seat 6: 22bcb26a ($35.47 in chips)
Hero: posts small blind $0.1
a3c00de9: posts big blind $0.25
*** HOLE CARDS ***
Dealt to db396757
Dealt to Hero [Jd Ks]
Dealt to a3c00de9
Dealt to bd75ff0
Dealt to a872a30d
Dealt to 22bcb26a
bd75ff0: folds
a872a30d: raises $0.25 to $0.5
22bcb26a: folds
db396757: folds
Hero: raises $1.57 to $2.07
a3c00de9: folds
a872a30d: calls $1.57
*** FLOP *** [2c Kc 3s]
Hero: bets $2.2
a872a30d: folds
Uncalled bet ($2.2) returned to Hero
*** SHOWDOWN ***
Hero collected $4.17 from pot
*** SUMMARY ***
Total pot $4.39 | Rake $0.22 | Jackpot $0 | Bingo $0
Board [2c Kc 3s]
Seat 1: db396757 (button) folded before Flop (didn't bet)
Seat 2: Hero (small blind) won ($4.17)
Seat 3: a3c00de9 (big blind) folded before Flop
Seat 4: bd75ff0 folded before Flop (didn't bet)
Seat 5: a872a30d folded on the Flop
Seat 6: 22bcb26a folded before Flop (didn't bet)


Poker Hand #RC1221772729: Hold'em No Limit  ($0.1/$0.25) - 2022/12/15 20:57:27
Table 'RushAndCash5517989' 6-max Seat #1 is the button
Seat 1: Hero ($49.74 in chips)
Seat 2: 5c83d3d6 ($25.92 in chips)
Seat 3: d4c73d7f ($28.79 in chips)
Seat 4: 98466b56 ($82.1 in chips)
Seat 5: f49019d2 ($33.82 in chips)
Seat 6: 51bc7b52 ($8.57 in chips)
5c83d3d6: posts small blind $0.1
d4c73d7f: posts big blind $0.25
*** HOLE CARDS ***
Dealt to Hero [3s 2c]
Dealt to 5c83d3d6
Dealt to d4c73d7f
Dealt to 98466b56
Dealt to f49019d2
Dealt to 51bc7b52
98466b56: folds
f49019d2: folds
51bc7b52: raises $0.25 to $0.5
Hero: folds
5c83d3d6: folds
d4c73d7f: raises $2 to $2.5
51bc7b52: folds
Uncalled bet ($2) returned to d4c73d7f
*** SHOWDOWN ***
d4c73d7f collected $1.05 from pot
*** SUMMARY ***
Total pot $1.1 | Rake $0.05 | Jackpot $0 | Bingo $0
Seat 1: Hero (button) folded before Flop (didn't bet)
Seat 2: 5c83d3d6 (small blind) folded before Flop
Seat 3: d4c73d7f (big blind) collected ($1.05)
Seat 4: 98466b56 folded before Flop (didn't bet)
Seat 5: f49019d2 folded before Flop (didn't bet)
Seat 6: 51bc7b52 folded before Flop


Poker Hand #RC1221772643: Hold'em No Limit  ($0.1/$0.25) - 2022/12/15 20:56:56
Table 'RushAndCash5517903' 6-max Seat #1 is the button
Seat 1: a1685a69 ($86.29 in chips)
Seat 2: 7d7cf7b9 ($111.32 in chips)
Seat 3: Hero ($50.37 in chips)
Seat 4: c97740df ($39.04 in chips)
Seat 5: d24a3b1f ($26.39 in chips)
Seat 6: d4c73d7f ($28.12 in chips)
7d7cf7b9: posts small blind $0.1
Hero: posts big blind $0.25
*** HOLE CARDS ***
Dealt to a1685a69
Dealt to 7d7cf7b9
Dealt to Hero [5s 5d]
Dealt to c97740df
Dealt to d24a3b1f
Dealt to d4c73d7f
c97740df: folds
d24a3b1f: folds
d4c73d7f: raises $0.38 to $0.63
a1685a69: folds
7d7cf7b9: folds
Hero: calls $0.38
*** FLOP *** [Ts 3d 8h]
Hero: checks
d4c73d7f: checks
*** TURN *** [Ts 3d 8h] [Qs]
Hero: checks
d4c73d7f: bets $1
Hero: folds
Uncalled bet ($1) returned to d4c73d7f
*** SHOWDOWN ***
d4c73d7f collected $1.3 from pot
*** SUMMARY ***
Total pot $1.36 | Rake $0.06 | Jackpot $0 | Bingo $0
Board [Ts 3d 8h Qs]
Seat 1: a1685a69 (button) folded before Flop (didn't bet)
Seat 2: 7d7cf7b9 (small blind) folded before Flop
Seat 3: Hero (big blind) folded on the Turn
Seat 4: c97740df folded before Flop (didn't bet)
Seat 5: d24a3b1f folded before Flop (didn't bet)
Seat 6: d4c73d7f won ($1.3)


Poker Hand #RC1221772627: Hold'em No Limit  ($0.1/$0.25) - 2022/12/15 20:56:51
Table 'RushAndCash5517887' 6-max Seat #1 is the button
Seat 1: a1685a69 ($86.29 in chips)
Seat 2: d6e177fe ($27.27 in chips)
Seat 3: 4e08e43d ($33.71 in chips)
Seat 4: 14658889 ($28.77 in chips)
Seat 5: dcb31b63 ($24.93 in chips)
Seat 6: Hero ($50.37 in chips)
d6e177fe: posts small blind $0.1
4e08e43d: posts big blind $0.25
*** HOLE CARDS ***
Dealt to a1685a69
Dealt to d6e177fe
Dealt to 4e08e43d
Dealt to 14658889
Dealt to dcb31b63
Dealt to Hero [Qd 3c]
14658889: folds
dcb31b63: folds
Hero: folds
a1685a69: folds
d6e177fe: folds
Uncalled bet ($0.15) returned to 4e08e43d
*** SHOWDOWN ***
4e08e43d collected $0.2 from pot
*** SUMMARY ***
Total pot $0.2 | Rake $0 | Jackpot $0 | Bingo $0
Seat 1: a1685a69 (button) folded before Flop (didn't bet)
Seat 2: d6e177fe (small blind) folded before Flop
Seat 3: 4e08e43d (big blind) collected ($0.2)
Seat 4: 14658889 folded before Flop (didn't bet)
Seat 5: dcb31b63 folded before Flop (didn't bet)
Seat 6: Hero folded before Flop (didn't bet)


Poker Hand #RC1221772606: Hold'em No Limit  ($0.1/$0.25) - 2022/12/15 20:56:44
Table 'RushAndCash5517866' 6-max Seat #1 is the button
Seat 1: b5256680 ($30.02 in chips)
Seat 2: 7706ad47 ($64.24 in chips)
Seat 3: 38a083ad ($28.5 in chips)
Seat 4: fbafcb84 ($55.11 in chips)
Seat 5: Hero ($50.37 in chips)
Seat 6: b241f36d ($25 in chips)
7706ad47: posts small blind $0.1
38a083ad: posts big blind $0.25
*** HOLE CARDS ***
Dealt to b5256680
Dealt to 7706ad47
Dealt to 38a083ad
Dealt to fbafcb84
Dealt to Hero [9s 6h]
Dealt to b241f36d
fbafcb84: folds
Hero: folds
b241f36d: folds
b5256680: folds
7706ad47: folds
Uncalled bet ($0.15) returned to 38a083ad
*** SHOWDOWN ***
38a083ad collected $0.2 from pot
*** SUMMARY ***
Total pot $0.2 | Rake $0 | Jackpot $0 | Bingo $0
Seat 1: b5256680 (button) folded before Flop (didn't bet)
Seat 2: 7706ad47 (small blind) folded before Flop
Seat 3: 38a083ad (big blind) collected ($0.2)
Seat 4: fbafcb84 folded before Flop (didn't bet)
Seat 5: Hero folded before Flop (didn't bet)
Seat 6: b241f36d folded before Flop (didn't bet)


Poker Hand #RC1221772422: Hold'em No Limit  ($0.1/$0.25) - 2022/12/15 20:55:48
Table 'RushAndCash5517682' 6-max Seat #1 is the button
Seat 1: Hero ($50.02 in chips)
Seat 2: c7acc8ed ($27.4 in chips)
Seat 3: ed43f119 ($29.43 in chips)
Seat 4: d5cd8ec2 ($46.85 in chips)
Seat 5: a89c4ad4 ($25 in chips)
Seat 6: fbafcb84 ($55.11 in chips)
c7acc8ed: posts small blind $0.1
ed43f119: posts big blind $0.25
*** HOLE CARDS ***
Dealt to Hero [9c 9d]
Dealt to c7acc8ed
Dealt to ed43f119
Dealt to d5cd8ec2
Dealt to a89c4ad4
Dealt to fbafcb84
d5cd8ec2: folds
a89c4ad4: folds
fbafcb84: folds
Hero: raises $0.38 to $0.63
c7acc8ed: folds
ed43f119: folds
Uncalled bet ($0.38) returned to Hero
*** SHOWDOWN ***
Hero collected $0.6 from pot
*** SUMMARY ***
Total pot $0.6 | Rake $0 | Jackpot $0 | Bingo $0
Seat 1: Hero (button) collected ($0.6)
Seat 2: c7acc8ed (small blind) folded before Flop
Seat 3: ed43f119 (big blind) folded before Flop
Seat 4: d5cd8ec2 folded before Flop (didn't bet)
Seat 5: a89c4ad4 folded before Flop (didn't bet)
Seat 6: fbafcb84 folded before Flop (didn't bet)


Poker Hand #RC1221771391: Hold'em No Limit  ($0.1/$0.25) - 2022/12/15 20:50:34
Table 'RushAndCash5516651' 6-max Seat #1 is the button
Seat 1: 19dd1 ($109.02 in chips)
Seat 2: Hero ($49.21 in chips)
Seat 3: 15a1aaa8 ($26.19 in chips)
Seat 4: 5b2b07ac ($24.27 in chips)
Seat 5: 4b867ac6 ($26.39 in chips)
Seat 6: 80997836 ($27.87 in chips)
Hero: posts small blind $0.1
15a1aaa8: posts big blind $0.25
*** HOLE CARDS ***
Dealt to 19dd1
Dealt to Hero [Kc Qc]
Dealt to 15a1aaa8
Dealt to 5b2b07ac
Dealt to 4b867ac6
Dealt to 80997836
5b2b07ac: folds
4b867ac6: folds
80997836: folds
19dd1: raises $0.38 to $0.63
Hero: raises $1.87 to $2.5
15a1aaa8: folds
19dd1: folds
Uncalled bet ($1.87) returned to Hero
*** SHOWDOWN ***
Hero collected $1.44 from pot
*** SUMMARY ***
Total pot $1.51 | Rake $0.07 | Jackpot $0 | Bingo $0
Seat 1: 19dd1 (button) folded before Flop
Seat 2: Hero (small blind) collected ($1.44)
Seat 3: 15a1aaa8 (big blind) folded before Flop
Seat 4: 5b2b07ac folded before Flop (didn't bet)
Seat 5: 4b867ac6 folded before Flop (didn't bet)
Seat 6: 80997836 folded before Flop (didn't bet)


Poker Hand #RC1221771368: Hold'em No Limit  ($0.1/$0.25) - 2022/12/15 20:50:27
Table 'RushAndCash5516628' 6-max Seat #1 is the button
Seat 1: ffea6ebc ($17.92 in chips)
Seat 2: b9708961 ($14.36 in chips)
Seat 3: Hero ($49.11 in chips)
Seat 4: c2c5ee3b ($27.21 in chips)
Seat 5: bcd827c9 ($32.25 in chips)
Seat 6: e398792b ($28.15 in chips)
b9708961: posts small blind $0.1
Hero: posts big blind $0.25
*** HOLE CARDS ***
Dealt to ffea6ebc
Dealt to b9708961
Dealt to Hero [Ts Jd]
Dealt to c2c5ee3b
Dealt to bcd827c9
Dealt to e398792b
c2c5ee3b: folds
bcd827c9: folds
e398792b: folds
ffea6ebc: folds
b9708961: folds
Uncalled bet ($0.15) returned to Hero
*** SHOWDOWN ***
Hero collected $0.2 from pot
*** SUMMARY ***
Total pot $0.2 | Rake $0 | Jackpot $0 | Bingo $0
Seat 1: ffea6ebc (button) folded before Flop (didn't bet)
Seat 2: b9708961 (small blind) folded before Flop
Seat 3: Hero (big blind) collected ($0.2)
Seat 4: c2c5ee3b folded before Flop (didn't bet)
Seat 5: bcd827c9 folded before Flop (didn't bet)
Seat 6: e398792b folded before Flop (didn't bet)


Poker Hand #RC1221771341: Hold'em No Limit  ($0.1/$0.25) - 2022/12/15 20:50:20
Table 'RushAndCash5516601' 6-max Seat #1 is the button
Seat 1: de591075 ($51.56 in chips)
Seat 2: 83b11917 ($59.99 in chips)
Seat 3: 3f82d2cb ($10 in chips)
Seat 4: Hero ($49.11 in chips)
Seat 5: d1c32698 ($25 in chips)
Seat 6: 906a880b ($166.32 in chips)
83b11917: posts small blind $0.1
3f82d2cb: posts big blind $0.25
*** HOLE CARDS ***
Dealt to de591075
Dealt to 83b11917
Dealt to 3f82d2cb
Dealt to Hero [3h 5s]
Dealt to d1c32698
Dealt to 906a880b
Hero: folds
d1c32698: folds
906a880b: folds
de591075: folds
83b11917: raises $0.25 to $0.5
3f82d2cb: folds
Uncalled bet ($0.25) returned to 83b11917
*** SHOWDOWN ***
83b11917 collected $0.5 from pot
*** SUMMARY ***
Total pot $0.5 | Rake $0 | Jackpot $0 | Bingo $0
Seat 1: de591075 (button) folded before Flop (didn't bet)
Seat 2: 83b11917 (small blind) collected ($0.5)
Seat 3: 3f82d2cb (big blind) folded before Flop
Seat 4: Hero folded before Flop (didn't bet)
Seat 5: d1c32698 folded before Flop (didn't bet)
Seat 6: 906a880b folded before Flop (didn't bet)


Poker Hand #RC1221771328: Hold'em No Limit  ($0.1/$0.25) - 2022/12/15 20:50:16
Table 'RushAndCash5516588' 6-max Seat #1 is the button
Seat 1: fc2ce644 ($25 in chips)
Seat 2: deb7f9ac ($29.39 in chips)
Seat 3: 7e6dcd4 ($25.57 in chips)
Seat 4: Hero ($49.11 in chips)
Seat 5: f901d412 ($30.4 in chips)
Seat 6: 6e79f0c3 ($29.44 in chips)
deb7f9ac: posts small blind $0.1
7e6dcd4: posts big blind $0.25
*** HOLE CARDS ***
Dealt to fc2ce644
Dealt to deb7f9ac
Dealt to 7e6dcd4
Dealt to Hero [8h Qc]
Dealt to f901d412
Dealt to 6e79f0c3
Hero: folds
f901d412: raises $0.25 to $0.5
6e79f0c3: folds
fc2ce644: folds
deb7f9ac: folds
7e6dcd4: calls $0.25
*** FLOP *** [9c 7c 7d]
7e6dcd4: checks
f901d412: bets $0.37
7e6dcd4: calls $0.37
*** TURN *** [9c 7c 7d] [3c]
7e6dcd4: checks
f901d412: checks
*** RIVER *** [9c 7c 7d 3c] [Qh]
7e6dcd4: checks
f901d412: bets $0.61
7e6dcd4: folds
Uncalled bet ($0.61) returned to f901d412
*** SHOWDOWN ***
f901d412 collected $1.75 from pot
*** SUMMARY ***
Total pot $1.84 | Rake $0.09 | Jackpot $0 | Bingo $0
Board [9c 7c 7d 3c Qh]
Seat 1: fc2ce644 (button) folded before Flop (didn't bet)
Seat 2: deb7f9ac (small blind) folded before Flop
Seat 3: 7e6dcd4 (big blind) folded on the River
Seat 4: Hero folded before Flop (didn't bet)
Seat 5: f901d412 won ($1.75)
Seat 6: 6e79f0c3 folded before Flop (didn't bet)


Poker Hand #RC1221771307: Hold'em No Limit  ($0.1/$0.25) - 2022/12/15 20:50:11
Table 'RushAndCash5516567' 6-max Seat #1 is the button
Seat 1: a3c00de9 ($25.91 in chips)
Seat 2: 51bc7b52 ($12.22 in chips)
Seat 3: cafac545 ($27.61 in chips)
Seat 4: 8d6a9125 ($33.26 in chips)
Seat 5: Hero ($49.11 in chips)
Seat 6: ec819b2e ($44.2 in chips)
51bc7b52: posts small blind $0.1
cafac545: posts big blind $0.25
*** HOLE CARDS ***
Dealt to a3c00de9
Dealt to 51bc7b52
Dealt to cafac545
Dealt to 8d6a9125
Dealt to Hero [7s 5h]
Dealt to ec819b2e
8d6a9125: folds
Hero: folds
ec819b2e: folds
a3c00de9: folds
51bc7b52: raises $0.25 to $0.5
cafac545: raises $1.5 to $2
51bc7b52: folds
Uncalled bet ($1.5) returned to cafac545
*** SHOWDOWN ***
cafac545 collected $0.95 from pot
*** SUMMARY ***
Total pot $1 | Rake $0.05 | Jackpot $0 | Bingo $0
Seat 1: a3c00de9 (button) folded before Flop (didn't bet)
Seat 2: 51bc7b52 (small blind) folded before Flop
Seat 3: cafac545 (big blind) collected ($0.95)
Seat 4: 8d6a9125 folded before Flop (didn't bet)
Seat 5: Hero folded before Flop (didn't bet)
Seat 6: ec819b2e folded before Flop (didn't bet)


Poker Hand #RC1221771281: Hold'em No Limit  ($0.1/$0.25) - 2022/12/15 20:50:01
Table 'RushAndCash5516541' 6-max Seat #1 is the button
Seat 1: bcfe179a ($69.01 in chips)
Seat 2: de591075 ($51.66 in chips)
Seat 3: c3e96dd5 ($30 in chips)
Seat 4: 4fa7b33b ($25 in chips)
Seat 5: Hero ($49.11 in chips)
Seat 6: 27f3a4ef ($48.06 in chips)
de591075: posts small blind $0.1
c3e96dd5: posts big blind $0.25
*** HOLE CARDS ***
Dealt to bcfe179a
Dealt to de591075
Dealt to c3e96dd5
Dealt to 4fa7b33b
Dealt to Hero [Ah 7s]
Dealt to 27f3a4ef
4fa7b33b: folds
Hero: folds
27f3a4ef: raises $0.38 to $0.63
bcfe179a: folds
de591075: folds
c3e96dd5: calls $0.38
*** FLOP *** [4h Qc Js]
c3e96dd5: checks
27f3a4ef: checks
*** TURN *** [4h Qc Js] [9c]
c3e96dd5: checks
27f3a4ef: checks
*** RIVER *** [4h Qc Js 9c] [8s]
c3e96dd5: bets $0.68
27f3a4ef: folds
Uncalled bet ($0.68) returned to c3e96dd5
*** SHOWDOWN ***
c3e96dd5 collected $1.3 from pot
*** SUMMARY ***
Total pot $1.36 | Rake $0.06 | Jackpot $0 | Bingo $0
Board [4h Qc Js 9c 8s]
Seat 1: bcfe179a (button) folded before Flop (didn't bet)
Seat 2: de591075 (small blind) folded before Flop
Seat 3: c3e96dd5 (big blind) won ($1.3)
Seat 4: 4fa7b33b folded before Flop (didn't bet)
Seat 5: Hero folded before Flop (didn't bet)
Seat 6: 27f3a4ef folded on the River


Poker Hand #RC1221771087: Hold'em No Limit  ($0.1/$0.25) - 2022/12/15 20:48:59
Table 'RushAndCash5516347' 6-max Seat #1 is the button
Seat 1: 8ce039a9 ($71.39 in chips)
Seat 2: 1463c09f ($37.12 in chips)
Seat 3: Hero ($49.74 in chips)
Seat 4: c46a4015 ($27.89 in chips)
Seat 5: 8bc53f0b ($32.7 in chips)
Seat 6: c85bc331 ($21.18 in chips)
1463c09f: posts small blind $0.1
Hero: posts big blind $0.25
*** HOLE CARDS ***
Dealt to 8ce039a9
Dealt to 1463c09f
Dealt to Hero [Kd 9h]
Dealt to c46a4015
Dealt to 8bc53f0b
Dealt to c85bc331
c46a4015: folds
8bc53f0b: folds
c85bc331: folds
8ce039a9: raises $0.38 to $0.63
1463c09f: folds
Hero: calls $0.38
*** FLOP *** [Jh Js 8c]
Hero: checks
8ce039a9: checks
*** TURN *** [Jh Js 8c] [Ah]
Hero: checks
8ce039a9: bets $0.68
Hero: folds
Uncalled bet ($0.68) returned to 8ce039a9
*** SHOWDOWN ***
8ce039a9 collected $1.3 from pot
*** SUMMARY ***
Total pot $1.36 | Rake $0.06 | Jackpot $0 | Bingo $0
Board [Jh Js 8c Ah]
Seat 1: 8ce039a9 (button) won ($1.3)
Seat 2: 1463c09f (small blind) folded before Flop
Seat 3: Hero (big blind) folded on the Turn
Seat 4: c46a4015 folded before Flop (didn't bet)
Seat 5: 8bc53f0b folded before Flop (didn't bet)
Seat 6: c85bc331 folded before Flop (didn't bet)


Poker Hand #RC1221770847: Hold'em No Limit  ($0.1/$0.25) - 2022/12/15 20:47:40
Table 'RushAndCash5516107' 6-max Seat #1 is the button
Seat 1: Hero ($53.01 in chips)
Seat 2: 44908121 ($79.91 in chips)
Seat 3: d62d3669 ($44.28 in chips)
Seat 4: d5cd8ec2 ($31.94 in chips)
Seat 5: 15e96813 ($26.29 in chips)
Seat 6: b4e70cb7 ($13.68 in chips)
44908121: posts small blind $0.1
d62d3669: posts big blind $0.25
*** HOLE CARDS ***
Dealt to Hero [Ks Ah]
Dealt to 44908121
Dealt to d62d3669
Dealt to d5cd8ec2
Dealt to 15e96813
Dealt to b4e70cb7
d5cd8ec2: raises $0.38 to $0.63
15e96813: folds
b4e70cb7: folds
Hero: raises $1.27 to $1.9
44908121: folds
d62d3669: folds
d5cd8ec2: calls $1.27
*** FLOP *** [2h 4c 8c]
d5cd8ec2: checks
Hero: checks
*** TURN *** [2h 4c 8c] [2c]
d5cd8ec2: bets $1.37
Hero: calls $1.37
*** RIVER *** [2h 4c 8c 2c] [9h]
d5cd8ec2: checks
Hero: checks
d5cd8ec2: shows [7d 7c] (Pair of Sevens and Pair of Twos)
Hero: shows [Ks Ah] (Pair of Twos)
*** SHOWDOWN ***
d5cd8ec2 collected $6.55 from pot
*** SUMMARY ***
Total pot $6.89 | Rake $0.34 | Jackpot $0 | Bingo $0
Board [2h 4c 8c 2c 9h]
Seat 1: Hero (button) showed [Ks Ah] and lost with Pair of Twos
Seat 2: 44908121 (small blind) folded before Flop
Seat 3: d62d3669 (big blind) folded before Flop
Seat 4: d5cd8ec2 showed [7d 7c] and won ($6.55) with Pair of Sevens and Pair of Twos
Seat 5: 15e96813 folded before Flop (didn't bet)
Seat 6: b4e70cb7 folded before Flop (didn't bet)


Poker Hand #RC1221770637: Hold'em No Limit  ($0.1/$0.25) - 2022/12/15 20:46:33
Table 'RushAndCash5515897' 6-max Seat #1 is the button
Seat 1: 1e13044c ($25 in chips)
Seat 2: Hero ($48.85 in chips)
Seat 3: 39e13d72 ($25.35 in chips)
Seat 4: 4d8561a7 ($34.88 in chips)
Seat 5: 571a8488 ($32.59 in chips)
Seat 6: f901d412 ($30.99 in chips)
Hero: posts small blind $0.1
39e13d72: posts big blind $0.25
*** HOLE CARDS ***
Dealt to 1e13044c
Dealt to Hero [8h 8c]
Dealt to 39e13d72
Dealt to 4d8561a7
Dealt to 571a8488
Dealt to f901d412
4d8561a7: raises $0.5 to $0.75
571a8488: folds
f901d412: folds
1e13044c: folds
Hero: raises $1.75 to $2.5
39e13d72: folds
4d8561a7: calls $1.75
*** FLOP *** [3c 4c Tc]
Hero: bets $2.24
4d8561a7: calls $2.24
*** TURN *** [3c 4c Tc] [9c]
Hero: checks
4d8561a7: checks
*** RIVER *** [3c 4c Tc 9c] [8d]
Hero: checks
4d8561a7: checks
Hero: shows [8h 8c] (Ten High Flush)
4d8561a7: shows [7s 7d] (Pair of Sevens)
*** SHOWDOWN ***
Hero collected $8.9 from pot
*** SUMMARY ***
Total pot $9.73 | Rake $0.46 | Jackpot $0.37 | Bingo $0
Board [3c 4c Tc 9c 8d]
Seat 1: 1e13044c (button) folded before Flop (didn't bet)
Seat 2: Hero (small blind) showed [8h 8c] and won ($8.9) with Ten High Flush
Seat 3: 39e13d72 (big blind) folded before Flop
Seat 4: 4d8561a7 showed [7s 7d] and lost with Pair of Sevens
Seat 5: 571a8488 folded before Flop (didn't bet)
Seat 6: f901d412 folded before Flop (didn't bet)


Poker Hand #RC1221770604: Hold'em No Limit  ($0.1/$0.25) - 2022/12/15 20:46:23
Table 'RushAndCash5515864' 6-max Seat #1 is the button
Seat 1: bb19569f ($24.65 in chips)
Seat 2: 49081d15 ($25 in chips)
Seat 3: b91db450 ($25.71 in chips)
Seat 4: 359bb334 ($53.79 in chips)
Seat 5: cafac545 ($26.09 in chips)
Seat 6: Hero ($48.85 in chips)
49081d15: posts small blind $0.1
b91db450: posts big blind $0.25
*** HOLE CARDS ***
Dealt to bb19569f
Dealt to 49081d15
Dealt to b91db450
Dealt to 359bb334
Dealt to cafac545
Dealt to Hero [Ad 7s]
359bb334: raises $0.38 to $0.63
cafac545: folds
Hero: folds
bb19569f: folds
49081d15: folds
b91db450: folds
Uncalled bet ($0.38) returned to 359bb334
*** SHOWDOWN ***
359bb334 collected $0.6 from pot
*** SUMMARY ***
Total pot $0.6 | Rake $0 | Jackpot $0 | Bingo $0
Seat 1: bb19569f (button) folded before Flop (didn't bet)
Seat 2: 49081d15 (small blind) folded before Flop
Seat 3: b91db450 (big blind) folded before Flop
Seat 4: 359bb334 collected ($0.6)
Seat 5: cafac545 folded before Flop (didn't bet)
Seat 6: Hero folded before Flop (didn't bet)


Poker Hand #RC1221770583: Hold'em No Limit  ($0.1/$0.25) - 2022/12/15 20:46:17
Table 'RushAndCash5515843' 6-max Seat #1 is the button
Seat 1: 76480a7a ($77.6 in chips)
Seat 2: f4fb6cf5 ($35.25 in chips)
Seat 3: d429d4a6 ($36.84 in chips)
Seat 4: e0007c84 ($25 in chips)
Seat 5: 8179f1e ($25 in chips)
Seat 6: Hero ($48.85 in chips)
f4fb6cf5: posts small blind $0.1
d429d4a6: posts big blind $0.25
*** HOLE CARDS ***
Dealt to 76480a7a
Dealt to f4fb6cf5
Dealt to d429d4a6
Dealt to e0007c84
Dealt to 8179f1e
Dealt to Hero [8c Th]
e0007c84: folds
8179f1e: raises $0.3 to $0.55
Hero: folds
76480a7a: folds
f4fb6cf5: folds
d429d4a6: calls $0.3
*** FLOP *** [Ts 3c 3h]
d429d4a6: checks
8179f1e: bets $0.4
d429d4a6: calls $0.4
*** TURN *** [Ts 3c 3h] [Jd]
d429d4a6: checks
8179f1e: checks
*** RIVER *** [Ts 3c 3h Jd] [3d]
d429d4a6: checks
8179f1e: checks
d429d4a6: shows [8d 8h] (Treys Full over Eights)
8179f1e: shows [7s 7c] (Treys Full over Sevens)
*** SHOWDOWN ***
d429d4a6 collected $1.9 from pot
*** SUMMARY ***
Total pot $2 | Rake $0.1 | Jackpot $0 | Bingo $0
Board [Ts 3c 3h Jd 3d]
Seat 1: 76480a7a (button) folded before Flop (didn't bet)
Seat 2: f4fb6cf5 (small blind) folded before Flop
Seat 3: d429d4a6 (big blind) showed [8d 8h] and won ($1.9) with Treys Full over Eights
Seat 4: e0007c84 folded before Flop (didn't bet)
Seat 5: 8179f1e showed [7s 7c] and lost with Treys Full over Sevens
Seat 6: Hero folded before Flop (didn't bet)


Poker Hand #RC1221770452: Hold'em No Limit  ($0.1/$0.25) - 2022/12/15 20:45:40
Table 'RushAndCash5515712' 6-max Seat #1 is the button
Seat 1: 4fa7b33b ($25.93 in chips)
Seat 2: b5c2dead ($25 in chips)
Seat 3: 16257ec6 ($42.4 in chips)
Seat 4: db429947 ($118.51 in chips)
Seat 5: Hero ($50.72 in chips)
Seat 6: c9fdc5c3 ($26.5 in chips)
b5c2dead: posts small blind $0.1
16257ec6: posts big blind $0.25
*** HOLE CARDS ***
Dealt to 4fa7b33b
Dealt to b5c2dead
Dealt to 16257ec6
Dealt to db429947
Dealt to Hero [Qh Kc]
Dealt to c9fdc5c3
db429947: folds
Hero: raises $0.38 to $0.63
c9fdc5c3: raises $1.24 to $1.87
4fa7b33b: folds
b5c2dead: folds
16257ec6: calls $1.62
Hero: calls $1.24
*** FLOP *** [7s 6s 4s]
16257ec6: checks
Hero: checks
c9fdc5c3: bets $2.12
16257ec6: folds
Hero: folds
Uncalled bet ($2.12) returned to c9fdc5c3
*** SHOWDOWN ***
c9fdc5c3 collected $5.43 from pot
*** SUMMARY ***
Total pot $5.71 | Rake $0.28 | Jackpot $0 | Bingo $0
Board [7s 6s 4s]
Seat 1: 4fa7b33b (button) folded before Flop (didn't bet)
Seat 2: b5c2dead (small blind) folded before Flop
Seat 3: 16257ec6 (big blind) folded on the Flop
Seat 4: db429947 folded before Flop (didn't bet)
Seat 5: Hero folded on the Flop
Seat 6: c9fdc5c3 won ($5.43)


Poker Hand #RC1221770323: Hold'em No Limit  ($0.1/$0.25) - 2022/12/15 20:44:58
Table 'RushAndCash5515583' 6-max Seat #1 is the button
Seat 1: Hero ($51.35 in chips)
Seat 2: f65c2297 ($17.42 in chips)
Seat 3: 4fa7b33b ($25.28 in chips)
Seat 4: 8f0a1f2f ($74.67 in chips)
Seat 5: c5049f6d ($47.01 in chips)
Seat 6: 8b2bd6d2 ($29.1 in chips)
f65c2297: posts small blind $0.1
4fa7b33b: posts big blind $0.25
*** HOLE CARDS ***
Dealt to Hero [As 7h]
Dealt to f65c2297
Dealt to 4fa7b33b
Dealt to 8f0a1f2f
Dealt to c5049f6d
Dealt to 8b2bd6d2
8f0a1f2f: folds
c5049f6d: folds
8b2bd6d2: folds
Hero: raises $0.38 to $0.63
f65c2297: folds
4fa7b33b: calls $0.38
*** FLOP *** [Jd 7c 6s]
4fa7b33b: checks
Hero: checks
*** TURN *** [Jd 7c 6s] [5d]
4fa7b33b: bets $1.07
Hero: folds
Uncalled bet ($1.07) returned to 4fa7b33b
*** SHOWDOWN ***
4fa7b33b collected $1.28 from pot
*** SUMMARY ***
Total pot $1.36 | Rake $0.08 | Jackpot $0 | Bingo $0
Board [Jd 7c 6s 5d]
Seat 1: Hero (button) folded on the Turn
Seat 2: f65c2297 (small blind) folded before Flop
Seat 3: 4fa7b33b (big blind) won ($1.28)
Seat 4: 8f0a1f2f folded before Flop (didn't bet)
Seat 5: c5049f6d folded before Flop (didn't bet)
Seat 6: 8b2bd6d2 folded before Flop (didn't bet)


Poker Hand #RC1221770115: Hold'em No Limit  ($0.1/$0.25) - 2022/12/15 20:44:01
Table 'RushAndCash5515375' 6-max Seat #1 is the button
Seat 1: b4e70cb7 ($21.45 in chips)
Seat 2: 24581126 ($25.08 in chips)
Seat 3: 8f0a1f2f ($74 in chips)
Seat 4: cd97015c ($31.1 in chips)
Seat 5: Hero ($51.98 in chips)
Seat 6: 664f8a49 ($29.8 in chips)
24581126: posts small blind $0.1
8f0a1f2f: posts big blind $0.25
*** HOLE CARDS ***
Dealt to b4e70cb7
Dealt to 24581126
Dealt to 8f0a1f2f
Dealt to cd97015c
Dealt to Hero [9s Kd]
Dealt to 664f8a49
cd97015c: folds
Hero: raises $0.38 to $0.63
664f8a49: folds
b4e70cb7: folds
24581126: folds
8f0a1f2f: calls $0.38
*** FLOP *** [8s 2h 3h]
8f0a1f2f: checks
Hero: checks
*** TURN *** [8s 2h 3h] [2d]
8f0a1f2f: bets $0.68
Hero: folds
Uncalled bet ($0.68) returned to 8f0a1f2f
*** SHOWDOWN ***
8f0a1f2f collected $1.3 from pot
*** SUMMARY ***
Total pot $1.36 | Rake $0.06 | Jackpot $0 | Bingo $0
Board [8s 2h 3h 2d]
Seat 1: b4e70cb7 (button) folded before Flop (didn't bet)
Seat 2: 24581126 (small blind) folded before Flop
Seat 3: 8f0a1f2f (big blind) won ($1.3)
Seat 4: cd97015c folded before Flop (didn't bet)
Seat 5: Hero folded on the Turn
Seat 6: 664f8a49 folded before Flop (didn't bet)


Poker Hand #RC1221770102: Hold'em No Limit  ($0.1/$0.25) - 2022/12/15 20:43:57
Table 'RushAndCash5515362' 6-max Seat #1 is the button
Seat 1: ef415bc0 ($51.5 in chips)
Seat 2: Hero ($52.08 in chips)
Seat 3: b4e70cb7 ($21.7 in chips)
Seat 4: 447820ee ($29.58 in chips)
Seat 5: efcd96ca ($25.35 in chips)
Seat 6: 555c3ad1 ($29.63 in chips)
Hero: posts small blind $0.1
b4e70cb7: posts big blind $0.25
*** HOLE CARDS ***
Dealt to ef415bc0
Dealt to Hero [Qd 3s]
Dealt to b4e70cb7
Dealt to 447820ee
Dealt to efcd96ca
Dealt to 555c3ad1
447820ee: folds
efcd96ca: folds
555c3ad1: raises $0.28 to $0.53
ef415bc0: raises $1.27 to $1.8
Hero: folds
b4e70cb7: folds
555c3ad1: calls $1.27
*** FLOP *** [2d 6d Qc]
555c3ad1: checks
ef415bc0: bets $1.98
555c3ad1: calls $1.98
*** TURN *** [2d 6d Qc] [Tc]
555c3ad1: checks
ef415bc0: bets $5.94
555c3ad1: folds
Uncalled bet ($5.94) returned to ef415bc0
*** SHOWDOWN ***
ef415bc0 collected $7.17 from pot
*** SUMMARY ***
Total pot $7.91 | Rake $0.37 | Jackpot $0.37 | Bingo $0
Board [2d 6d Qc Tc]
Seat 1: ef415bc0 (button) won ($7.17)
Seat 2: Hero (small blind) folded before Flop
Seat 3: b4e70cb7 (big blind) folded before Flop
Seat 4: 447820ee folded before Flop (didn't bet)
Seat 5: efcd96ca folded before Flop (didn't bet)
Seat 6: 555c3ad1 folded on the Turn


Poker Hand #RC1221770081: Hold'em No Limit  ($0.1/$0.25) - 2022/12/15 20:43:50
Table 'RushAndCash5515341' 6-max Seat #1 is the button
Seat 1: b76a892d ($27.45 in chips)
Seat 2: a32ee430 ($18.63 in chips)
Seat 3: Hero ($52.33 in chips)
Seat 4: d78b309b ($25.07 in chips)
Seat 5: afbdc1e ($25.33 in chips)
Seat 6: a3c00de9 ($26.08 in chips)
a32ee430: posts small blind $0.1
Hero: posts big blind $0.25
*** HOLE CARDS ***
Dealt to b76a892d
Dealt to a32ee430
Dealt to Hero [4h 2s]
Dealt to d78b309b
Dealt to afbdc1e
Dealt to a3c00de9
d78b309b: folds
afbdc1e: raises $0.38 to $0.63
a3c00de9: folds
b76a892d: folds
a32ee430: calls $0.53
Hero: folds
*** FLOP *** [Js 8s 6c]
a32ee430: checks
afbdc1e: bets $1.5
a32ee430: folds
Uncalled bet ($1.5) returned to afbdc1e
*** SHOWDOWN ***
afbdc1e collected $1.44 from pot
*** SUMMARY ***
Total pot $1.51 | Rake $0.07 | Jackpot $0 | Bingo $0
Board [Js 8s 6c]
Seat 1: b76a892d (button) folded before Flop (didn't bet)
Seat 2: a32ee430 (small blind) folded on the Flop
Seat 3: Hero (big blind) folded before Flop
Seat 4: d78b309b folded before Flop (didn't bet)
Seat 5: afbdc1e won ($1.44)
Seat 6: a3c00de9 folded before Flop (didn't bet)


Poker Hand #RC1221769976: Hold'em No Limit  ($0.1/$0.25) - 2022/12/15 20:43:18
Table 'RushAndCash5515236' 6-max Seat #1 is the button
Seat 1: 97f5740a ($25.55 in chips)
Seat 2: 8bc53f0b ($25 in chips)
Seat 3: 2e63d897 ($78.94 in chips)
Seat 4: Hero ($52.33 in chips)
Seat 5: bbb5e3d0 ($26.77 in chips)
Seat 6: ec819b2e ($38.06 in chips)
8bc53f0b: posts small blind $0.1
2e63d897: posts big blind $0.25
*** HOLE CARDS ***
Dealt to 97f5740a
Dealt to 8bc53f0b
Dealt to 2e63d897
Dealt to Hero [7c 5c]
Dealt to bbb5e3d0
Dealt to ec819b2e
Hero: folds
bbb5e3d0: raises $0.5 to $0.75
ec819b2e: folds
97f5740a: raises $1.5 to $2.25
8bc53f0b: folds
2e63d897: folds
bbb5e3d0: folds
Uncalled bet ($1.5) returned to 97f5740a
*** SHOWDOWN ***
97f5740a collected $1.76 from pot
*** SUMMARY ***
Total pot $1.85 | Rake $0.09 | Jackpot $0 | Bingo $0
Seat 1: 97f5740a (button) collected ($1.76)
Seat 2: 8bc53f0b (small blind) folded before Flop
Seat 3: 2e63d897 (big blind) folded before Flop
Seat 4: Hero folded before Flop (didn't bet)
Seat 5: bbb5e3d0 folded before Flop
Seat 6: ec819b2e folded before Flop (didn't bet)


Poker Hand #RC1221769960: Hold'em No Limit  ($0.1/$0.25) - 2022/12/15 20:43:13
Table 'RushAndCash5515220' 6-max Seat #1 is the button
Seat 1: 14658889 ($25 in chips)
Seat 2: 7706ad47 ($28.01 in chips)
Seat 3: a0aa305e ($48.33 in chips)
Seat 4: fa6da1b3 ($22.5 in chips)
Seat 5: 624873e7 ($25 in chips)
Seat 6: Hero ($52.33 in chips)
7706ad47: posts small blind $0.1
a0aa305e: posts big blind $0.25
*** HOLE CARDS ***
Dealt to 14658889
Dealt to 7706ad47
Dealt to a0aa305e
Dealt to fa6da1b3
Dealt to 624873e7
Dealt to Hero [Kc 6s]
fa6da1b3: raises $0.38 to $0.63
624873e7: folds
Hero: folds
14658889: calls $0.63
7706ad47: folds
a0aa305e: calls $0.38
*** FLOP *** [9h 3c Th]
a0aa305e: checks
fa6da1b3: checks
14658889: checks
*** TURN *** [9h 3c Th] [5c]
a0aa305e: bets $1.5
fa6da1b3: raises $3.3 to $4.8
14658889: folds
a0aa305e: folds
Uncalled bet ($3.3) returned to fa6da1b3
*** SHOWDOWN ***
fa6da1b3 collected $4.74 from pot
*** SUMMARY ***
Total pot $4.99 | Rake $0.25 | Jackpot $0 | Bingo $0
Board [9h 3c Th 5c]
Seat 1: 14658889 (button) folded on the Turn
Seat 2: 7706ad47 (small blind) folded before Flop
Seat 3: a0aa305e (big blind) folded on the Turn
Seat 4: fa6da1b3 won ($4.74)
Seat 5: 624873e7 folded before Flop (didn't bet)
Seat 6: Hero folded before Flop (didn't bet)


Poker Hand #RC1221769925: Hold'em No Limit  ($0.1/$0.25) - 2022/12/15 20:43:02
Table 'RushAndCash5515185' 6-max Seat #1 is the button
Seat 1: Hero ($52.33 in chips)
Seat 2: a785a8d1 ($25.1 in chips)
Seat 3: c547230 ($25.35 in chips)
Seat 4: 71238675 ($25.35 in chips)
Seat 5: 6e1d9c06 ($38.32 in chips)
Seat 6: 2e63d897 ($79.04 in chips)
a785a8d1: posts small blind $0.1
c547230: posts big blind $0.25
*** HOLE CARDS ***
Dealt to Hero [2c 3c]
Dealt to a785a8d1
Dealt to c547230
Dealt to 71238675
Dealt to 6e1d9c06
Dealt to 2e63d897
71238675: folds
6e1d9c06: folds
2e63d897: folds
Hero: folds
a785a8d1: raises $0.5 to $0.75
c547230: folds
Uncalled bet ($0.5) returned to a785a8d1
*** SHOWDOWN ***
a785a8d1 collected $0.5 from pot
*** SUMMARY ***
Total pot $0.5 | Rake $0 | Jackpot $0 | Bingo $0
Seat 1: Hero (button) folded before Flop (didn't bet)
Seat 2: a785a8d1 (small blind) collected ($0.5)
Seat 3: c547230 (big blind) folded before Flop
Seat 4: 71238675 folded before Flop (didn't bet)
Seat 5: 6e1d9c06 folded before Flop (didn't bet)
Seat 6: 2e63d897 folded before Flop (didn't bet)


Poker Hand #RC1221769618: Hold'em No Limit  ($0.1/$0.25) - 2022/12/15 20:41:36
Table 'RushAndCash5514878' 6-max Seat #1 is the button
Seat 1: df9b7a42 ($39.28 in chips)
Seat 2: d78b309b ($26.52 in chips)
Seat 3: Hero ($53.56 in chips)
Seat 4: de591075 ($29.75 in chips)
Seat 5: c547230 ($25 in chips)
Seat 6: 2a839914 ($27.91 in chips)
d78b309b: posts small blind $0.1
Hero: posts big blind $0.25
*** HOLE CARDS ***
Dealt to df9b7a42
Dealt to d78b309b
Dealt to Hero [Jc Ks]
Dealt to de591075
Dealt to c547230
Dealt to 2a839914
de591075: folds
c547230: folds
2a839914: raises $0.38 to $0.63
df9b7a42: folds
d78b309b: folds
Hero: calls $0.38
*** FLOP *** [Ah 9h Ac]
Hero: checks
2a839914: bets $0.6
Hero: calls $0.6
*** TURN *** [Ah 9h Ac] [3h]
Hero: checks
2a839914: bets $2.56
Hero: folds
Uncalled bet ($2.56) returned to 2a839914
*** SHOWDOWN ***
2a839914 collected $2.44 from pot
*** SUMMARY ***
Total pot $2.56 | Rake $0.12 | Jackpot $0 | Bingo $0
Board [Ah 9h Ac 3h]
Seat 1: df9b7a42 (button) folded before Flop (didn't bet)
Seat 2: d78b309b (small blind) folded before Flop
Seat 3: Hero (big blind) folded on the Turn
Seat 4: de591075 folded before Flop (didn't bet)
Seat 5: c547230 folded before Flop (didn't bet)
Seat 6: 2a839914 won ($2.44)


Poker Hand #RC1221769561: Hold'em No Limit  ($0.1/$0.25) - 2022/12/15 20:41:20
Table 'RushAndCash5514821' 6-max Seat #1 is the button
Seat 1: d1c32698 ($37.18 in chips)
Seat 2: Hero ($53.31 in chips)
Seat 3: c85bc331 ($24.15 in chips)
Seat 4: e25a131c ($16.56 in chips)
Seat 5: 1afa143b ($28.04 in chips)
Seat 6: 906a880b ($167.86 in chips)
Hero: posts small blind $0.1
c85bc331: posts big blind $0.25
*** HOLE CARDS ***
Dealt to d1c32698
Dealt to Hero [Kh 9c]
Dealt to c85bc331
Dealt to e25a131c
Dealt to 1afa143b
Dealt to 906a880b
e25a131c: folds
1afa143b: folds
906a880b: folds
d1c32698: folds
Hero: raises $0.5 to $0.75
c85bc331: folds
Uncalled bet ($0.5) returned to Hero
*** SHOWDOWN ***
Hero collected $0.5 from pot
*** SUMMARY ***
Total pot $0.5 | Rake $0 | Jackpot $0 | Bingo $0
Seat 1: d1c32698 (button) folded before Flop (didn't bet)
Seat 2: Hero (small blind) collected ($0.5)
Seat 3: c85bc331 (big blind) folded before Flop
Seat 4: e25a131c folded before Flop (didn't bet)
Seat 5: 1afa143b folded before Flop (didn't bet)
Seat 6: 906a880b folded before Flop (didn't bet)


Poker Hand #RC1221769542: Hold'em No Limit  ($0.1/$0.25) - 2022/12/15 20:41:14
Table 'RushAndCash5514802' 6-max Seat #1 is the button
Seat 1: 8a4509aa ($47.01 in chips)
Seat 2: 5c4f9241 ($26.72 in chips)
Seat 3: d0014caf ($51.02 in chips)
Seat 4: 8f0a1f2f ($63.19 in chips)
Seat 5: c5049f6d ($45.84 in chips)
Seat 6: Hero ($53.31 in chips)
5c4f9241: posts small blind $0.1
d0014caf: posts big blind $0.25
*** HOLE CARDS ***
Dealt to 8a4509aa
Dealt to 5c4f9241
Dealt to d0014caf
Dealt to 8f0a1f2f
Dealt to c5049f6d
Dealt to Hero [Kc 2h]
8f0a1f2f: folds
c5049f6d: folds
Hero: folds
8a4509aa: folds
5c4f9241: raises $0.5 to $0.75
d0014caf: raises $1.5 to $2.25
5c4f9241: calls $1.5
*** FLOP *** [7h 4s Jd]
5c4f9241: checks
d0014caf: bets $2.75
5c4f9241: folds
Uncalled bet ($2.75) returned to d0014caf
*** SHOWDOWN ***
d0014caf collected $4.28 from pot
*** SUMMARY ***
Total pot $4.5 | Rake $0.22 | Jackpot $0 | Bingo $0
Board [7h 4s Jd]
Seat 1: 8a4509aa (button) folded before Flop (didn't bet)
Seat 2: 5c4f9241 (small blind) folded on the Flop
Seat 3: d0014caf (big blind) won ($4.28)
Seat 4: 8f0a1f2f folded before Flop (didn't bet)
Seat 5: c5049f6d folded before Flop (didn't bet)
Seat 6: Hero folded before Flop (didn't bet)


Poker Hand #RC1221769515: Hold'em No Limit  ($0.1/$0.25) - 2022/12/15 20:41:06
Table 'RushAndCash5514775' 6-max Seat #1 is the button
Seat 1: c3e96dd5 ($16.63 in chips)
Seat 2: 13e0ed5f ($17.15 in chips)
Seat 3: 2ec63c2c ($25.35 in chips)
Seat 4: a1535c7 ($25 in chips)
Seat 5: Hero ($53.31 in chips)
Seat 6: 8d0efde0 ($24.91 in chips)
13e0ed5f: posts small blind $0.1
2ec63c2c: posts big blind $0.25
*** HOLE CARDS ***
Dealt to c3e96dd5
Dealt to 13e0ed5f
Dealt to 2ec63c2c
Dealt to a1535c7
Dealt to Hero [Js 2c]
Dealt to 8d0efde0
a1535c7: folds
Hero: folds
8d0efde0: folds
c3e96dd5: raises $0.25 to $0.5
13e0ed5f: raises $1.25 to $1.75
2ec63c2c: folds
c3e96dd5: folds
Uncalled bet ($1.25) returned to 13e0ed5f
*** SHOWDOWN ***
13e0ed5f collected $1.19 from pot
*** SUMMARY ***
Total pot $1.25 | Rake $0.06 | Jackpot $0 | Bingo $0
Seat 1: c3e96dd5 (button) folded before Flop
Seat 2: 13e0ed5f (small blind) collected ($1.19)
Seat 3: 2ec63c2c (big blind) folded before Flop
Seat 4: a1535c7 folded before Flop (didn't bet)
Seat 5: Hero folded before Flop (didn't bet)
Seat 6: 8d0efde0 folded before Flop (didn't bet)


Poker Hand #RC1221769196: Hold'em No Limit  ($0.1/$0.25) - 2022/12/15 20:39:39
Table 'RushAndCash5514456' 6-max Seat #1 is the button
Seat 1: Hero ($48.86 in chips)
Seat 2: b8d68f93 ($33.98 in chips)
Seat 3: 1fde7799 ($39.08 in chips)
Seat 4: 3e8ab17d ($30.02 in chips)
Seat 5: 7706ad47 ($28.63 in chips)
Seat 6: 5d8df876 ($28.68 in chips)
b8d68f93: posts small blind $0.1
1fde7799: posts big blind $0.25
*** HOLE CARDS ***
Dealt to Hero [6d Qd]
Dealt to b8d68f93
Dealt to 1fde7799
Dealt to 3e8ab17d
Dealt to 7706ad47
Dealt to 5d8df876
3e8ab17d: folds
7706ad47: folds
5d8df876: folds
Hero: raises $0.38 to $0.63
b8d68f93: folds
1fde7799: calls $0.38
*** FLOP *** [2s 5s 4c]
1fde7799: checks
Hero: checks
*** TURN *** [2s 5s 4c] [3s]
1fde7799: checks
Hero: bets $0.68
1fde7799: raises $1.91 to $2.59
Hero: calls $1.91
*** RIVER *** [2s 5s 4c 3s] [Ac]
1fde7799: bets $2
Hero: calls $2
1fde7799: shows [3h As] (Fives-High Straight)
Hero: shows [6d Qd] (Sixes-High Straight)
*** SHOWDOWN ***
Hero collected $9.67 from pot
*** SUMMARY ***
Total pot $10.54 | Rake $0.5 | Jackpot $0.37 | Bingo $0
Board [2s 5s 4c 3s Ac]
Seat 1: Hero (button) showed [6d Qd] and won ($9.67) with Sixes-High Straight
Seat 2: b8d68f93 (small blind) folded before Flop
Seat 3: 1fde7799 (big blind) showed [3h As] and lost with Fives-High Straight
Seat 4: 3e8ab17d folded before Flop (didn't bet)
Seat 5: 7706ad47 folded before Flop (didn't bet)
Seat 6: 5d8df876 folded before Flop (didn't bet)


Poker Hand #RC1221767573: Hold'em No Limit  ($0.1/$0.25) - 2022/12/15 20:32:28
Table 'RushAndCash5512833' 6-max Seat #1 is the button
Seat 1: a89c4ad4 ($28.47 in chips)
Seat 2: 469efdc3 ($24.44 in chips)
Seat 3: ce9001da ($25.35 in chips)
Seat 4: 9230e793 ($28.26 in chips)
Seat 5: b241f36d ($25 in chips)
Seat 6: Hero ($43.66 in chips)
469efdc3: posts small blind $0.1
ce9001da: posts big blind $0.25
*** HOLE CARDS ***
Dealt to a89c4ad4
Dealt to 469efdc3
Dealt to ce9001da
Dealt to 9230e793
Dealt to b241f36d
Dealt to Hero [Ad Th]
9230e793: folds
b241f36d: folds
Hero: raises $0.38 to $0.63
a89c4ad4: calls $0.63
469efdc3: calls $0.53
ce9001da: folds
*** FLOP *** [Ts Td 4h]
469efdc3: checks
Hero: checks
a89c4ad4: checks
*** TURN *** [Ts Td 4h] [Js]
469efdc3: checks
Hero: bets $1.17
a89c4ad4: raises $1.17 to $2.34
469efdc3: folds
Hero: calls $1.17
*** RIVER *** [Ts Td 4h Js] [Kc]
Hero: bets $2.26
a89c4ad4: calls $2.26
Hero: shows [Ad Th] (Three Tens)
a89c4ad4: shows [Jd As] (Pair of Jacks and Pair of Tens)
*** SHOWDOWN ***
Hero collected $10.43 from pot
*** SUMMARY ***
Total pot $11.34 | Rake $0.54 | Jackpot $0.37 | Bingo $0
Board [Ts Td 4h Js Kc]
Seat 1: a89c4ad4 (button) showed [Jd As] and lost with Pair of Jacks and Pair of Tens
Seat 2: 469efdc3 (small blind) folded on the Turn
Seat 3: ce9001da (big blind) folded before Flop
Seat 4: 9230e793 folded before Flop (didn't bet)
Seat 5: b241f36d folded before Flop (didn't bet)
Seat 6: Hero showed [Ad Th] and won ($10.43) with Three Tens


Poker Hand #RC1221767223: Hold'em No Limit  ($0.1/$0.25) - 2022/12/15 20:30:51
Table 'RushAndCash5512483' 6-max Seat #1 is the button
Seat 1: 64093410 ($25 in chips)
Seat 2: 47b8e000 ($70.27 in chips)
Seat 3: Hero ($42.89 in chips)
Seat 4: 92de0e4a ($26.01 in chips)
Seat 5: a1685a69 ($32.77 in chips)
Seat 6: 3e8cf96b ($25 in chips)
47b8e000: posts small blind $0.1
Hero: posts big blind $0.25
*** HOLE CARDS ***
Dealt to 64093410
Dealt to 47b8e000
Dealt to Hero [Kd Jd]
Dealt to 92de0e4a
Dealt to a1685a69
Dealt to 3e8cf96b
92de0e4a: folds
a1685a69: folds
3e8cf96b: raises $0.5 to $0.75
64093410: folds
47b8e000: folds
Hero: calls $0.5
*** FLOP *** [Qs 7h 8s]
Hero: checks
3e8cf96b: checks
*** TURN *** [Qs 7h 8s] [8c]
Hero: bets $0.53
3e8cf96b: folds
Uncalled bet ($0.53) returned to Hero
*** SHOWDOWN ***
Hero collected $1.52 from pot
*** SUMMARY ***
Total pot $1.6 | Rake $0.08 | Jackpot $0 | Bingo $0
Board [Qs 7h 8s 8c]
Seat 1: 64093410 (button) folded before Flop (didn't bet)
Seat 2: 47b8e000 (small blind) folded before Flop
Seat 3: Hero (big blind) won ($1.52)
Seat 4: 92de0e4a folded before Flop (didn't bet)
Seat 5: a1685a69 folded before Flop (didn't bet)
Seat 6: 3e8cf96b folded on the Turn


Poker Hand #RC1221767200: Hold'em No Limit  ($0.1/$0.25) - 2022/12/15 20:30:44
Table 'RushAndCash5512460' 6-max Seat #1 is the button
Seat 1: 1a79b23 ($25 in chips)
Seat 2: Hero ($42.99 in chips)
Seat 3: bd75ff0 ($29.06 in chips)
Seat 4: bcfe179a ($53.3 in chips)
Seat 5: b6a8e31a ($23.81 in chips)
Seat 6: 7706ad47 ($27.13 in chips)
Hero: posts small blind $0.1
bd75ff0: posts big blind $0.25
*** HOLE CARDS ***
Dealt to 1a79b23
Dealt to Hero [Ah 5s]
Dealt to bd75ff0
Dealt to bcfe179a
Dealt to b6a8e31a
Dealt to 7706ad47
bcfe179a: folds
b6a8e31a: folds
7706ad47: folds
1a79b23: folds
Hero: folds
Uncalled bet ($0.15) returned to bd75ff0
*** SHOWDOWN ***
bd75ff0 collected $0.2 from pot
*** SUMMARY ***
Total pot $0.2 | Rake $0 | Jackpot $0 | Bingo $0
Seat 1: 1a79b23 (button) folded before Flop (didn't bet)
Seat 2: Hero (small blind) folded before Flop
Seat 3: bd75ff0 (big blind) collected ($0.2)
Seat 4: bcfe179a folded before Flop (didn't bet)
Seat 5: b6a8e31a folded before Flop (didn't bet)
Seat 6: 7706ad47 folded before Flop (didn't bet)


Poker Hand #RC1221766993: Hold'em No Limit  ($0.1/$0.25) - 2022/12/15 20:29:53
Table 'RushAndCash5512253' 6-max Seat #1 is the button
Seat 1: 89838152 ($27.04 in chips)
Seat 2: 86d83fc1 ($27.54 in chips)
Seat 3: b9f35d89 ($24.79 in chips)
Seat 4: Hero ($42.99 in chips)
Seat 5: fbe7093f ($32.16 in chips)
Seat 6: 57995060 ($28.49 in chips)
86d83fc1: posts small blind $0.1
b9f35d89: posts big blind $0.25
*** HOLE CARDS ***
Dealt to 89838152
Dealt to 86d83fc1
Dealt to b9f35d89
Dealt to Hero [Th 7h]
Dealt to fbe7093f
Dealt to 57995060
Hero: folds
fbe7093f: folds
57995060: raises $0.38 to $0.63
89838152: folds
86d83fc1: folds
b9f35d89: folds
Uncalled bet ($0.38) returned to 57995060
*** SHOWDOWN ***
57995060 collected $0.6 from pot
*** SUMMARY ***
Total pot $0.6 | Rake $0 | Jackpot $0 | Bingo $0
Seat 1: 89838152 (button) folded before Flop (didn't bet)
Seat 2: 86d83fc1 (small blind) folded before Flop
Seat 3: b9f35d89 (big blind) folded before Flop
Seat 4: Hero folded before Flop (didn't bet)
Seat 5: fbe7093f folded before Flop (didn't bet)
Seat 6: 57995060 collected ($0.6)


Poker Hand #RC1221766976: Hold'em No Limit  ($0.1/$0.25) - 2022/12/15 20:29:49
Table 'RushAndCash5512236' 6-max Seat #1 is the button
Seat 1: 429c83a2 ($9 in chips)
Seat 2: 82737320 ($25.1 in chips)
Seat 3: 1e776889 ($37.82 in chips)
Seat 4: b1877b95 ($25.35 in chips)
Seat 5: a70965db ($31.93 in chips)
Seat 6: Hero ($42.99 in chips)
82737320: posts small blind $0.1
1e776889: posts big blind $0.25
*** HOLE CARDS ***
Dealt to 429c83a2
Dealt to 82737320
Dealt to 1e776889
Dealt to b1877b95
Dealt to a70965db
Dealt to Hero [6d Jc]
b1877b95: folds
a70965db: raises $0.33 to $0.58
Hero: folds
429c83a2: folds
82737320: folds
1e776889: folds
Uncalled bet ($0.33) returned to a70965db
*** SHOWDOWN ***
a70965db collected $0.6 from pot
*** SUMMARY ***
Total pot $0.6 | Rake $0 | Jackpot $0 | Bingo $0
Seat 1: 429c83a2 (button) folded before Flop (didn't bet)
Seat 2: 82737320 (small blind) folded before Flop
Seat 3: 1e776889 (big blind) folded before Flop
Seat 4: b1877b95 folded before Flop (didn't bet)
Seat 5: a70965db collected ($0.6)
Seat 6: Hero folded before Flop (didn't bet)


Poker Hand #RC1221766924: Hold'em No Limit  ($0.1/$0.25) - 2022/12/15 20:29:36
Table 'RushAndCash5512184' 6-max Seat #1 is the button
Seat 1: 1af50dd9 ($25 in chips)
Seat 2: 225b0a47 ($22.07 in chips)
Seat 3: 2655a21d ($14.4 in chips)
Seat 4: b74cb97e ($37.53 in chips)
Seat 5: fa09cd76 ($6.3 in chips)
Seat 6: Hero ($42.99 in chips)
225b0a47: posts small blind $0.1
2655a21d: posts big blind $0.25
*** HOLE CARDS ***
Dealt to 1af50dd9
Dealt to 225b0a47
Dealt to 2655a21d
Dealt to b74cb97e
Dealt to fa09cd76
Dealt to Hero [Qh 6d]
b74cb97e: folds
fa09cd76: calls $0.25
Hero: folds
1af50dd9: folds
225b0a47: raises $1.57 to $1.82
2655a21d: folds
fa09cd76: raises $4.48 to $6.3 and is all-in
225b0a47: calls $4.48
fa09cd76: shows [9d 9s]
225b0a47: shows [Ts Th]
*** FLOP *** [7s 3h 6h]
*** TURN *** [7s 3h 6h] [Ad]
*** RIVER *** [7s 3h 6h Ad] [3d]
*** SHOWDOWN ***
225b0a47 collected $11.86 from pot
*** SUMMARY ***
Total pot $12.85 | Rake $0.62 | Jackpot $0.37 | Bingo $0
Board [7s 3h 6h Ad 3d]
Seat 1: 1af50dd9 (button) folded before Flop (didn't bet)
Seat 2: 225b0a47 (small blind) showed [Ts Th] and won ($11.86) with Pair of Tens and Pair of Treys
Seat 3: 2655a21d (big blind) folded before Flop
Seat 4: b74cb97e folded before Flop (didn't bet)
Seat 5: fa09cd76 showed [9d 9s] and lost with Pair of Nines and Pair of Treys
Seat 6: Hero folded before Flop (didn't bet)


Poker Hand #RC1221766173: Hold'em No Limit  ($0.1/$0.25) - 2022/12/15 20:26:24
Table 'RushAndCash5511433' 6-max Seat #1 is the button
Seat 1: Hero ($45.29 in chips)
Seat 2: d00e554d ($98.57 in chips)
Seat 3: 906a880b ($164.51 in chips)
Seat 4: 7706ad47 ($34.19 in chips)
Seat 5: 8f976c7 ($78.74 in chips)
Seat 6: c22b07e2 ($25.87 in chips)
d00e554d: posts small blind $0.1
906a880b: posts big blind $0.25
*** HOLE CARDS ***
Dealt to Hero [Ah 3h]
Dealt to d00e554d
Dealt to 906a880b
Dealt to 7706ad47
Dealt to 8f976c7
Dealt to c22b07e2
7706ad47: folds
8f976c7: folds
c22b07e2: folds
Hero: raises $0.38 to $0.63
d00e554d: raises $1.87 to $2.5
906a880b: folds
Hero: calls $1.87
*** FLOP *** [4d 7c 3s]
d00e554d: bets $2.63
Hero: folds
Uncalled bet ($2.63) returned to d00e554d
*** SHOWDOWN ***
d00e554d collected $4.99 from pot
*** SUMMARY ***
Total pot $5.25 | Rake $0.26 | Jackpot $0 | Bingo $0
Board [4d 7c 3s]
Seat 1: Hero (button) folded on the Flop
Seat 2: d00e554d (small blind) won ($4.99)
Seat 3: 906a880b (big blind) folded before Flop
Seat 4: 7706ad47 folded before Flop (didn't bet)
Seat 5: 8f976c7 folded before Flop (didn't bet)
Seat 6: c22b07e2 folded before Flop (didn't bet)


Poker Hand #RC1221766116: Hold'em No Limit  ($0.1/$0.25) - 2022/12/15 20:26:09
Table 'RushAndCash5511376' 6-max Seat #1 is the button
Seat 1: 991e1a9 ($39.6 in chips)
Seat 2: f4fb6cf5 ($27.11 in chips)
Seat 3: Hero ($45.39 in chips)
Seat 4: 98c5bfbe ($28.06 in chips)
Seat 5: c8b362fe ($28.94 in chips)
Seat 6: a6c4160e ($45.24 in chips)
f4fb6cf5: posts small blind $0.1
Hero: posts big blind $0.25
*** HOLE CARDS ***
Dealt to 991e1a9
Dealt to f4fb6cf5
Dealt to Hero [7h 3s]
Dealt to 98c5bfbe
Dealt to c8b362fe
Dealt to a6c4160e
98c5bfbe: folds
c8b362fe: folds
a6c4160e: folds
991e1a9: folds
f4fb6cf5: folds
Uncalled bet ($0.15) returned to Hero
*** SHOWDOWN ***
Hero collected $0.2 from pot
*** SUMMARY ***
Total pot $0.2 | Rake $0 | Jackpot $0 | Bingo $0
Seat 1: 991e1a9 (button) folded before Flop (didn't bet)
Seat 2: f4fb6cf5 (small blind) folded before Flop
Seat 3: Hero (big blind) collected ($0.2)
Seat 4: 98c5bfbe folded before Flop (didn't bet)
Seat 5: c8b362fe folded before Flop (didn't bet)
Seat 6: a6c4160e folded before Flop (didn't bet)


Poker Hand #RC1221766054: Hold'em No Limit  ($0.1/$0.25) - 2022/12/15 20:25:52
Table 'RushAndCash5511314' 6-max Seat #1 is the button
Seat 1: f01d6560 ($17.85 in chips)
Seat 2: Hero ($45.14 in chips)
Seat 3: 108ad0e8 ($43.85 in chips)
Seat 4: e6b54b7d ($31.69 in chips)
Seat 5: 86d83fc1 ($34.26 in chips)
Seat 6: bfdf274f ($98.96 in chips)
Hero: posts small blind $0.1
108ad0e8: posts big blind $0.25
*** HOLE CARDS ***
Dealt to f01d6560
Dealt to Hero [Jh 8h]
Dealt to 108ad0e8
Dealt to e6b54b7d
Dealt to 86d83fc1
Dealt to bfdf274f
e6b54b7d: folds
86d83fc1: folds
bfdf274f: folds
f01d6560: folds
Hero: raises $0.5 to $0.75
108ad0e8: folds
Uncalled bet ($0.5) returned to Hero
*** SHOWDOWN ***
Hero collected $0.5 from pot
*** SUMMARY ***
Total pot $0.5 | Rake $0 | Jackpot $0 | Bingo $0
Seat 1: f01d6560 (button) folded before Flop (didn't bet)
Seat 2: Hero (small blind) collected ($0.5)
Seat 3: 108ad0e8 (big blind) folded before Flop
Seat 4: e6b54b7d folded before Flop (didn't bet)
Seat 5: 86d83fc1 folded before Flop (didn't bet)
Seat 6: bfdf274f folded before Flop (didn't bet)


Poker Hand #RC1221766036: Hold'em No Limit  ($0.1/$0.25) - 2022/12/15 20:25:47
Table 'RushAndCash5511296' 6-max Seat #1 is the button
Seat 1: 22fb0474 ($29.21 in chips)
Seat 2: 549e50e6 ($35.11 in chips)
Seat 3: 98aeca99 ($33.04 in chips)
Seat 4: 83fc5c63 ($81.44 in chips)
Seat 5: Hero ($45.14 in chips)
Seat 6: 8f976c7 ($78.49 in chips)
549e50e6: posts small blind $0.1
98aeca99: posts big blind $0.25
*** HOLE CARDS ***
Dealt to 22fb0474
Dealt to 549e50e6
Dealt to 98aeca99
Dealt to 83fc5c63
Dealt to Hero [Js 8d]
Dealt to 8f976c7
83fc5c63: folds
Hero: folds
8f976c7: raises $0.38 to $0.63
22fb0474: folds
549e50e6: folds
98aeca99: folds
Uncalled bet ($0.38) returned to 8f976c7
*** SHOWDOWN ***
8f976c7 collected $0.6 from pot
*** SUMMARY ***
Total pot $0.6 | Rake $0 | Jackpot $0 | Bingo $0
Seat 1: 22fb0474 (button) folded before Flop (didn't bet)
Seat 2: 549e50e6 (small blind) folded before Flop
Seat 3: 98aeca99 (big blind) folded before Flop
Seat 4: 83fc5c63 folded before Flop (didn't bet)
Seat 5: Hero folded before Flop (didn't bet)
Seat 6: 8f976c7 collected ($0.6)


Poker Hand #RC1221766016: Hold'em No Limit  ($0.1/$0.25) - 2022/12/15 20:25:42
Table 'RushAndCash5511276' 6-max Seat #1 is the button
Seat 1: cfb5d3c0 ($25.66 in chips)
Seat 2: f6d6a78b ($35.44 in chips)
Seat 3: e8af4b31 ($24.87 in chips)
Seat 4: cc556b6b ($26.83 in chips)
Seat 5: Hero ($45.14 in chips)
Seat 6: 424bc8fd ($51.78 in chips)
f6d6a78b: posts small blind $0.1
e8af4b31: posts big blind $0.25
*** HOLE CARDS ***
Dealt to cfb5d3c0
Dealt to f6d6a78b
Dealt to e8af4b31
Dealt to cc556b6b
Dealt to Hero [Jh 5s]
Dealt to 424bc8fd
cc556b6b: raises $0.25 to $0.5
Hero: folds
424bc8fd: folds
cfb5d3c0: folds
f6d6a78b: folds
e8af4b31: calls $0.25
*** FLOP *** [8h 8s 4h]
e8af4b31: checks
cc556b6b: bets $0.37
e8af4b31: folds
Uncalled bet ($0.37) returned to cc556b6b
*** SHOWDOWN ***
cc556b6b collected $1.05 from pot
*** SUMMARY ***
Total pot $1.1 | Rake $0.05 | Jackpot $0 | Bingo $0
Board [8h 8s 4h]
Seat 1: cfb5d3c0 (button) folded before Flop (didn't bet)
Seat 2: f6d6a78b (small blind) folded before Flop
Seat 3: e8af4b31 (big blind) folded on the Flop
Seat 4: cc556b6b won ($1.05)
Seat 5: Hero folded before Flop (didn't bet)
Seat 6: 424bc8fd folded before Flop (didn't bet)


Poker Hand #RC1221765688: Hold'em No Limit  ($0.1/$0.25) - 2022/12/15 20:24:14
Table 'RushAndCash5510948' 6-max Seat #1 is the button
Seat 1: 21bbb2ec ($14.82 in chips)
Seat 2: 3e0f2d83 ($39.74 in chips)
Seat 3: 83fc5c63 ($80.61 in chips)
Seat 4: efa9fa0f ($56.82 in chips)
Seat 5: be1d4d78 ($13.59 in chips)
Seat 6: Hero ($46.17 in chips)
3e0f2d83: posts small blind $0.1
83fc5c63: posts big blind $0.25
*** HOLE CARDS ***
Dealt to 21bbb2ec
Dealt to 3e0f2d83
Dealt to 83fc5c63
Dealt to efa9fa0f
Dealt to be1d4d78
Dealt to Hero [6h 7h]
efa9fa0f: folds
be1d4d78: folds
Hero: raises $0.38 to $0.63
21bbb2ec: folds
3e0f2d83: folds
83fc5c63: calls $0.38
*** FLOP *** [Kc Jc Js]
83fc5c63: checks
Hero: bets $0.4
83fc5c63: raises $1.2 to $1.6
Hero: folds
Uncalled bet ($1.2) returned to 83fc5c63
*** SHOWDOWN ***
83fc5c63 collected $2.06 from pot
*** SUMMARY ***
Total pot $2.16 | Rake $0.1 | Jackpot $0 | Bingo $0
Board [Kc Jc Js]
Seat 1: 21bbb2ec (button) folded before Flop (didn't bet)
Seat 2: 3e0f2d83 (small blind) folded before Flop
Seat 3: 83fc5c63 (big blind) won ($2.06)
Seat 4: efa9fa0f folded before Flop (didn't bet)
Seat 5: be1d4d78 folded before Flop (didn't bet)
Seat 6: Hero folded on the Flop


Poker Hand #RC1221765661: Hold'em No Limit  ($0.1/$0.25) - 2022/12/15 20:24:07
Table 'RushAndCash5510921' 6-max Seat #1 is the button
Seat 1: Hero ($46.17 in chips)
Seat 2: f49019d2 ($41.6 in chips)
Seat 3: 9fa87ba7 ($34.52 in chips)
Seat 4: 496c71d0 ($25 in chips)
Seat 5: 482dcf0f ($31.82 in chips)
Seat 6: f8665a9e ($56.44 in chips)
f49019d2: posts small blind $0.1
9fa87ba7: posts big blind $0.25
*** HOLE CARDS ***
Dealt to Hero [2c 8c]
Dealt to f49019d2
Dealt to 9fa87ba7
Dealt to 496c71d0
Dealt to 482dcf0f
Dealt to f8665a9e
496c71d0: folds
482dcf0f: folds
f8665a9e: raises $0.38 to $0.63
Hero: folds
f49019d2: folds
9fa87ba7: calls $0.38
*** FLOP *** [Jc 6c Qs]
9fa87ba7: checks
f8665a9e: checks
*** TURN *** [Jc 6c Qs] [Ts]
9fa87ba7: bets $0.68
f8665a9e: folds
Uncalled bet ($0.68) returned to 9fa87ba7
*** SHOWDOWN ***
9fa87ba7 collected $1.3 from pot
*** SUMMARY ***
Total pot $1.36 | Rake $0.06 | Jackpot $0 | Bingo $0
Board [Jc 6c Qs Ts]
Seat 1: Hero (button) folded before Flop (didn't bet)
Seat 2: f49019d2 (small blind) folded before Flop
Seat 3: 9fa87ba7 (big blind) won ($1.3)
Seat 4: 496c71d0 folded before Flop (didn't bet)
Seat 5: 482dcf0f folded before Flop (didn't bet)
Seat 6: f8665a9e folded on the Turn


Poker Hand #RC1221765619: Hold'em No Limit  ($0.1/$0.25) - 2022/12/15 20:23:57
Table 'RushAndCash5510879' 6-max Seat #1 is the button
Seat 1: 3def9528 ($11.37 in chips)
Seat 2: Hero ($46.27 in chips)
Seat 3: 51ba3344 ($58.44 in chips)
Seat 4: 555c3ad1 ($26.66 in chips)
Seat 5: 1e776889 ($42.9 in chips)
Seat 6: 992efc38 ($12.04 in chips)
Hero: posts small blind $0.1
51ba3344: posts big blind $0.25
*** HOLE CARDS ***
Dealt to 3def9528
Dealt to Hero [9h Kc]
Dealt to 51ba3344
Dealt to 555c3ad1
Dealt to 1e776889
Dealt to 992efc38
555c3ad1: folds
1e776889: folds
992efc38: folds
3def9528: raises $0.5 to $0.75
Hero: folds
51ba3344: folds
Uncalled bet ($0.5) returned to 3def9528
*** SHOWDOWN ***
3def9528 collected $0.6 from pot
*** SUMMARY ***
Total pot $0.6 | Rake $0 | Jackpot $0 | Bingo $0
Seat 1: 3def9528 (button) collected ($0.6)
Seat 2: Hero (small blind) folded before Flop
Seat 3: 51ba3344 (big blind) folded before Flop
Seat 4: 555c3ad1 folded before Flop (didn't bet)
Seat 5: 1e776889 folded before Flop (didn't bet)
Seat 6: 992efc38 folded before Flop (didn't bet)


Poker Hand #RC1221765565: Hold'em No Limit  ($0.1/$0.25) - 2022/12/15 20:23:44
Table 'RushAndCash5510825' 6-max Seat #1 is the button
Seat 1: f770a179 ($25.77 in chips)
Seat 2: d905011 ($50.77 in chips)
Seat 3: Hero ($46.52 in chips)
Seat 4: 15e96813 ($38.48 in chips)
Seat 5: 1e13044c ($25.57 in chips)
Seat 6: 1407ac5a ($31.09 in chips)
d905011: posts small blind $0.1
Hero: posts big blind $0.25
*** HOLE CARDS ***
Dealt to f770a179
Dealt to d905011
Dealt to Hero [Jh 3c]
Dealt to 15e96813
Dealt to 1e13044c
Dealt to 1407ac5a
15e96813: folds
1e13044c: raises $0.38 to $0.63
1407ac5a: folds
f770a179: raises $1.17 to $1.8
d905011: folds
Hero: folds
1e13044c: raises $2.97 to $4.77
f770a179: folds
Uncalled bet ($2.97) returned to 1e13044c
*** SHOWDOWN ***
1e13044c collected $3.76 from pot
*** SUMMARY ***
Total pot $3.95 | Rake $0.19 | Jackpot $0 | Bingo $0
Seat 1: f770a179 (button) folded before Flop
Seat 2: d905011 (small blind) folded before Flop
Seat 3: Hero (big blind) folded before Flop
Seat 4: 15e96813 folded before Flop (didn't bet)
Seat 5: 1e13044c collected ($3.76)
Seat 6: 1407ac5a folded before Flop (didn't bet)


Poker Hand #RC1221765549: Hold'em No Limit  ($0.1/$0.25) - 2022/12/15 20:23:40
Table 'RushAndCash5510809' 6-max Seat #1 is the button
Seat 1: 8f0a1f2f ($26.14 in chips)
Seat 2: b8b2e356 ($14.51 in chips)
Seat 3: d3207c7a ($27.55 in chips)
Seat 4: 6fbb9af4 ($11.13 in chips)
Seat 5: Hero ($46.52 in chips)
Seat 6: eb40ea78 ($34.02 in chips)
b8b2e356: posts small blind $0.1
d3207c7a: posts big blind $0.25
*** HOLE CARDS ***
Dealt to 8f0a1f2f
Dealt to b8b2e356
Dealt to d3207c7a
Dealt to 6fbb9af4
Dealt to Hero [7c 4d]
Dealt to eb40ea78
6fbb9af4: folds
Hero: folds
eb40ea78: folds
8f0a1f2f: raises $0.25 to $0.5
b8b2e356: folds
d3207c7a: calls $0.25
*** FLOP *** [4s 8c Tc]
d3207c7a: checks
8f0a1f2f: checks
*** TURN *** [4s 8c Tc] [9c]
d3207c7a: bets $0.33
8f0a1f2f: folds
Uncalled bet ($0.33) returned to d3207c7a
*** SHOWDOWN ***
d3207c7a collected $1.05 from pot
*** SUMMARY ***
Total pot $1.1 | Rake $0.05 | Jackpot $0 | Bingo $0
Board [4s 8c Tc 9c]
Seat 1: 8f0a1f2f (button) folded on the Turn
Seat 2: b8b2e356 (small blind) folded before Flop
Seat 3: d3207c7a (big blind) won ($1.05)
Seat 4: 6fbb9af4 folded before Flop (didn't bet)
Seat 5: Hero folded before Flop (didn't bet)
Seat 6: eb40ea78 folded before Flop (didn't bet)


Poker Hand #RC1221765124: Hold'em No Limit  ($0.1/$0.25) - 2022/12/15 20:21:45
Table 'RushAndCash5510384' 6-max Seat #1 is the button
Seat 1: d905011 ($47.87 in chips)
Seat 2: 92de0e4a ($25 in chips)
Seat 3: 98466b56 ($47.49 in chips)
Seat 4: 48ca7722 ($28.08 in chips)
Seat 5: ba9031ca ($31.11 in chips)
Seat 6: Hero ($49.65 in chips)
92de0e4a: posts small blind $0.1
98466b56: posts big blind $0.25
*** HOLE CARDS ***
Dealt to d905011
Dealt to 92de0e4a
Dealt to 98466b56
Dealt to 48ca7722
Dealt to ba9031ca
Dealt to Hero [Tc 9c]
48ca7722: folds
ba9031ca: folds
Hero: raises $0.38 to $0.63
d905011: calls $0.63
92de0e4a: folds
98466b56: folds
*** FLOP *** [Ts 3h Kc]
Hero: checks
d905011: bets $0.7
Hero: calls $0.7
*** TURN *** [Ts 3h Kc] [Qc]
Hero: checks
d905011: bets $1.8
Hero: calls $1.8
*** RIVER *** [Ts 3h Kc Qc] [6s]
Hero: checks
d905011: bets $4.3
Hero: folds
Uncalled bet ($4.3) returned to d905011
*** SHOWDOWN ***
d905011 collected $6.28 from pot
*** SUMMARY ***
Total pot $6.61 | Rake $0.33 | Jackpot $0 | Bingo $0
Board [Ts 3h Kc Qc 6s]
Seat 1: d905011 (button) won ($6.28)
Seat 2: 92de0e4a (small blind) folded before Flop
Seat 3: 98466b56 (big blind) folded before Flop
Seat 4: 48ca7722 folded before Flop (didn't bet)
Seat 5: ba9031ca folded before Flop (didn't bet)
Seat 6: Hero folded on the River


Poker Hand #RC1221765093: Hold'em No Limit  ($0.1/$0.25) - 2022/12/15 20:21:37
Table 'RushAndCash5510353' 6-max Seat #1 is the button
Seat 1: b788b6cf ($61.99 in chips)
Seat 2: 8bc53f0b ($25.31 in chips)
Seat 3: 996ae8b8 ($35.58 in chips)
Seat 4: 2552a29b ($38.77 in chips)
Seat 5: Hero ($49.65 in chips)
Seat 6: cd97015c ($33.31 in chips)
8bc53f0b: posts small blind $0.1
996ae8b8: posts big blind $0.25
*** HOLE CARDS ***
Dealt to b788b6cf
Dealt to 8bc53f0b
Dealt to 996ae8b8
Dealt to 2552a29b
Dealt to Hero [Qd Tc]
Dealt to cd97015c
2552a29b: folds
Hero: folds
cd97015c: folds
b788b6cf: folds
8bc53f0b: folds
Uncalled bet ($0.15) returned to 996ae8b8
*** SHOWDOWN ***
996ae8b8 collected $0.2 from pot
*** SUMMARY ***
Total pot $0.2 | Rake $0 | Jackpot $0 | Bingo $0
Seat 1: b788b6cf (button) folded before Flop (didn't bet)
Seat 2: 8bc53f0b (small blind) folded before Flop
Seat 3: 996ae8b8 (big blind) collected ($0.2)
Seat 4: 2552a29b folded before Flop (didn't bet)
Seat 5: Hero folded before Flop (didn't bet)
Seat 6: cd97015c folded before Flop (didn't bet)


Poker Hand #RC1221764867: Hold'em No Limit  ($0.1/$0.25) - 2022/12/15 20:20:43
Table 'RushAndCash5510127' 6-max Seat #1 is the button
Seat 1: ac314e23 ($25 in chips)
Seat 2: c482e1da ($61.62 in chips)
Seat 3: ba9031ca ($28.59 in chips)
Seat 4: Hero ($50.82 in chips)
Seat 5: 2552a29b ($37.38 in chips)
Seat 6: 7cd06f66 ($26.01 in chips)
c482e1da: posts small blind $0.1
ba9031ca: posts big blind $0.25
*** HOLE CARDS ***
Dealt to ac314e23
Dealt to c482e1da
Dealt to ba9031ca
Dealt to Hero [Kh Jd]
Dealt to 2552a29b
Dealt to 7cd06f66
Hero: raises $0.38 to $0.63
2552a29b: calls $0.63
7cd06f66: folds
ac314e23: folds
c482e1da: folds
ba9031ca: folds
*** FLOP *** [Ac 7d Qd]
Hero: checks
2552a29b: checks
*** TURN *** [Ac 7d Qd] [9s]
Hero: bets $0.54
2552a29b: calls $0.54
*** RIVER *** [Ac 7d Qd 9s] [3c]
Hero: checks
2552a29b: checks
Hero: shows [Kh Jd] (Ace-High)
2552a29b: shows [Kc Qh] (Pair of Queens)
*** SHOWDOWN ***
2552a29b collected $2.56 from pot
*** SUMMARY ***
Total pot $2.69 | Rake $0.13 | Jackpot $0 | Bingo $0
Board [Ac 7d Qd 9s 3c]
Seat 1: ac314e23 (button) folded before Flop (didn't bet)
Seat 2: c482e1da (small blind) folded before Flop
Seat 3: ba9031ca (big blind) folded before Flop
Seat 4: Hero showed [Kh Jd] and lost with Ace-High
Seat 5: 2552a29b showed [Kc Qh] and won ($2.56) with Pair of Queens
Seat 6: 7cd06f66 folded before Flop (didn't bet)


Poker Hand #RC1221764837: Hold'em No Limit  ($0.1/$0.25) - 2022/12/15 20:20:36
Table 'RushAndCash5510097' 6-max Seat #1 is the button
Seat 1: c8b362fe ($29.61 in chips)
Seat 2: Hero ($50.92 in chips)
Seat 3: cd32e5e7 ($26.67 in chips)
Seat 4: 8caeb304 ($30.7 in chips)
Seat 5: ff46dbf3 ($19.27 in chips)
Seat 6: ddfbf448 ($27.53 in chips)
Hero: posts small blind $0.1
cd32e5e7: posts big blind $0.25
*** HOLE CARDS ***
Dealt to c8b362fe
Dealt to Hero [5d Qh]
Dealt to cd32e5e7
Dealt to 8caeb304
Dealt to ff46dbf3
Dealt to ddfbf448
8caeb304: raises $0.28 to $0.53
ff46dbf3: folds
ddfbf448: folds
c8b362fe: folds
Hero: folds
cd32e5e7: folds
Uncalled bet ($0.28) returned to 8caeb304
*** SHOWDOWN ***
8caeb304 collected $0.6 from pot
*** SUMMARY ***
Total pot $0.6 | Rake $0 | Jackpot $0 | Bingo $0
Seat 1: c8b362fe (button) folded before Flop (didn't bet)
Seat 2: Hero (small blind) folded before Flop
Seat 3: cd32e5e7 (big blind) folded before Flop
Seat 4: 8caeb304 collected ($0.6)
Seat 5: ff46dbf3 folded before Flop (didn't bet)
Seat 6: ddfbf448 folded before Flop (didn't bet)


Poker Hand #RC1221694705: Hold'em No Limit  ($0.1/$0.25) - 2022/12/15 20:19:59
Table 'RushAndCash5509965' 6-max Seat #1 is the button
Seat 1: 47fabc96 ($26.28 in chips)
Seat 2: 5479e8cb ($27.91 in chips)
Seat 3: Hero ($50.25 in chips)
Seat 4: a7067c39 ($27.66 in chips)
Seat 5: 19dd1 ($54.27 in chips)
Seat 6: cd32e5e7 ($27.3 in chips)
5479e8cb: posts small blind $0.1
Hero: posts big blind $0.25
*** HOLE CARDS ***
Dealt to 47fabc96
Dealt to 5479e8cb
Dealt to Hero [9d Qh]
Dealt to a7067c39
Dealt to 19dd1
Dealt to cd32e5e7
a7067c39: folds
19dd1: folds
cd32e5e7: raises $0.38 to $0.63
47fabc96: folds
5479e8cb: folds
Hero: calls $0.38
*** FLOP *** [5s 3h 8s]
Hero: bets $0.5
cd32e5e7: folds
Uncalled bet ($0.5) returned to Hero
*** SHOWDOWN ***
Hero collected $1.3 from pot
*** SUMMARY ***
Total pot $1.36 | Rake $0.06 | Jackpot $0 | Bingo $0
Board [5s 3h 8s]
Seat 1: 47fabc96 (button) folded before Flop (didn't bet)
Seat 2: 5479e8cb (small blind) folded before Flop
Seat 3: Hero (big blind) won ($1.3)
Seat 4: a7067c39 folded before Flop (didn't bet)
Seat 5: 19dd1 folded before Flop (didn't bet)
Seat 6: cd32e5e7 folded on the Flop


Poker Hand #RC1221694641: Hold'em No Limit  ($0.1/$0.25) - 2022/12/15 20:19:41
Table 'RushAndCash5509901' 6-max Seat #1 is the button
Seat 1: Hero ($50.25 in chips)
Seat 2: b04511a2 ($25.44 in chips)
Seat 3: 3e8ab17d ($25.25 in chips)
Seat 4: 122700a7 ($56.69 in chips)
Seat 5: ef6d98f9 ($143.17 in chips)
Seat 6: 1407ac5a ($32.15 in chips)
b04511a2: posts small blind $0.1
3e8ab17d: posts big blind $0.25
*** HOLE CARDS ***
Dealt to Hero [7h Ad]
Dealt to b04511a2
Dealt to 3e8ab17d
Dealt to 122700a7
Dealt to ef6d98f9
Dealt to 1407ac5a
122700a7: raises $0.5 to $0.75
ef6d98f9: raises $1.75 to $2.5
1407ac5a: folds
Hero: folds
b04511a2: folds
3e8ab17d: folds
122700a7: calls $1.75
*** FLOP *** [Ah Kc 6c]
122700a7: checks
ef6d98f9: bets $1.75
122700a7: calls $1.75
*** TURN *** [Ah Kc 6c] [4h]
122700a7: checks
ef6d98f9: bets $5.89
122700a7: folds
Uncalled bet ($5.89) returned to ef6d98f9
*** SHOWDOWN ***
ef6d98f9 collected $8.06 from pot
*** SUMMARY ***
Total pot $8.85 | Rake $0.42 | Jackpot $0.37 | Bingo $0
Board [Ah Kc 6c 4h]
Seat 1: Hero (button) folded before Flop (didn't bet)
Seat 2: b04511a2 (small blind) folded before Flop
Seat 3: 3e8ab17d (big blind) folded before Flop
Seat 4: 122700a7 folded on the Turn
Seat 5: ef6d98f9 won ($8.06)
Seat 6: 1407ac5a folded before Flop (didn't bet)


Poker Hand #RC1221694616: Hold'em No Limit  ($0.1/$0.25) - 2022/12/15 20:19:35
Table 'RushAndCash5509876' 6-max Seat #1 is the button
Seat 1: 15a1aaa8 ($26 in chips)
Seat 2: 4ca0b3bd ($15.73 in chips)
Seat 3: 79092d3e ($39.07 in chips)
Seat 4: Hero ($50.25 in chips)
Seat 5: 979118cf ($14.43 in chips)
Seat 6: 359bb334 ($30.14 in chips)
4ca0b3bd: posts small blind $0.1
79092d3e: posts big blind $0.25
*** HOLE CARDS ***
Dealt to 15a1aaa8
Dealt to 4ca0b3bd
Dealt to 79092d3e
Dealt to Hero [Td 8c]
Dealt to 979118cf
Dealt to 359bb334
Hero: folds
979118cf: folds
359bb334: raises $0.38 to $0.63
15a1aaa8: calls $0.63
4ca0b3bd: folds
79092d3e: folds
*** FLOP *** [5c 6d 4s]
359bb334: checks
15a1aaa8: checks
*** TURN *** [5c 6d 4s] [7d]
359bb334: checks
15a1aaa8: checks
*** RIVER *** [5c 6d 4s 7d] [Tc]
359bb334: checks
15a1aaa8: checks
359bb334: shows [Kc Ac] (Ace-High)
15a1aaa8: shows [2d 2c] (Pair of Twos)
*** SHOWDOWN ***
15a1aaa8 collected $1.52 from pot
*** SUMMARY ***
Total pot $1.61 | Rake $0.09 | Jackpot $0 | Bingo $0
Board [5c 6d 4s 7d Tc]
Seat 1: 15a1aaa8 (button) showed [2d 2c] and won ($1.52) with Pair of Twos
Seat 2: 4ca0b3bd (small blind) folded before Flop
Seat 3: 79092d3e (big blind) folded before Flop
Seat 4: Hero folded before Flop (didn't bet)
Seat 5: 979118cf folded before Flop (didn't bet)
Seat 6: 359bb334 showed [Kc Ac] and lost with Ace-High


Poker Hand #RC1221694588: Hold'em No Limit  ($0.1/$0.25) - 2022/12/15 20:19:28
Table 'RushAndCash5509848' 6-max Seat #1 is the button
Seat 1: 6a12a1d ($33.43 in chips)
Seat 2: 3d082d05 ($20.86 in chips)
Seat 3: 88cd266f ($17.68 in chips)
Seat 4: 935e38eb ($25.7 in chips)
Seat 5: 76a0abb5 ($25.62 in chips)
Seat 6: Hero ($50.25 in chips)
3d082d05: posts small blind $0.1
88cd266f: posts big blind $0.25
*** HOLE CARDS ***
Dealt to 6a12a1d
Dealt to 3d082d05
Dealt to 88cd266f
Dealt to 935e38eb
Dealt to 76a0abb5
Dealt to Hero [8c 5c]
935e38eb: folds
76a0abb5: raises $0.38 to $0.63
Hero: folds
6a12a1d: folds
3d082d05: folds
88cd266f: folds
Uncalled bet ($0.38) returned to 76a0abb5
*** SHOWDOWN ***
76a0abb5 collected $0.6 from pot
*** SUMMARY ***
Total pot $0.6 | Rake $0 | Jackpot $0 | Bingo $0
Seat 1: 6a12a1d (button) folded before Flop (didn't bet)
Seat 2: 3d082d05 (small blind) folded before Flop
Seat 3: 88cd266f (big blind) folded before Flop
Seat 4: 935e38eb folded before Flop (didn't bet)
Seat 5: 76a0abb5 collected ($0.6)
Seat 6: Hero folded before Flop (didn't bet)


Poker Hand #RC1221694568: Hold'em No Limit  ($0.1/$0.25) - 2022/12/15 20:19:23
Table 'RushAndCash5509828' 6-max Seat #1 is the button
Seat 1: d905011 ($47.34 in chips)
Seat 2: c5049f6d ($25.9 in chips)
Seat 3: 8179f1e ($25 in chips)
Seat 4: bbb5e3d0 ($15.8 in chips)
Seat 5: 21bbb2ec ($12.95 in chips)
Seat 6: Hero ($50.25 in chips)
c5049f6d: posts small blind $0.1
8179f1e: posts big blind $0.25
*** HOLE CARDS ***
Dealt to d905011
Dealt to c5049f6d
Dealt to 8179f1e
Dealt to bbb5e3d0
Dealt to 21bbb2ec
Dealt to Hero [2h 2s]
bbb5e3d0: folds
21bbb2ec: folds
Hero: folds
d905011: folds
c5049f6d: raises $0.45 to $0.7
8179f1e: folds
Uncalled bet ($0.45) returned to c5049f6d
*** SHOWDOWN ***
c5049f6d collected $0.5 from pot
*** SUMMARY ***
Total pot $0.5 | Rake $0 | Jackpot $0 | Bingo $0
Seat 1: d905011 (button) folded before Flop (didn't bet)
Seat 2: c5049f6d (small blind) collected ($0.5)
Seat 3: 8179f1e (big blind) folded before Flop
Seat 4: bbb5e3d0 folded before Flop (didn't bet)
Seat 5: 21bbb2ec folded before Flop (didn't bet)
Seat 6: Hero folded before Flop (didn't bet)


Poker Hand #RC1221694551: Hold'em No Limit  ($0.1/$0.25) - 2022/12/15 20:19:18
Table 'RushAndCash5509811' 6-max Seat #1 is the button
Seat 1: Hero ($50.25 in chips)
Seat 2: 2fa1b2a0 ($27.97 in chips)
Seat 3: 2e63d897 ($58.98 in chips)
Seat 4: 3fcd47b4 ($9.55 in chips)
Seat 5: 5090f8bc ($21.27 in chips)
Seat 6: 6df23d4f ($25 in chips)
2fa1b2a0: posts small blind $0.1
2e63d897: posts big blind $0.25
*** HOLE CARDS ***
Dealt to Hero [2s 9c]
Dealt to 2fa1b2a0
Dealt to 2e63d897
Dealt to 3fcd47b4
Dealt to 5090f8bc
Dealt to 6df23d4f
3fcd47b4: folds
5090f8bc: folds
6df23d4f: raises $0.28 to $0.53
Hero: folds
2fa1b2a0: folds
2e63d897: folds
Uncalled bet ($0.28) returned to 6df23d4f
*** SHOWDOWN ***
6df23d4f collected $0.6 from pot
*** SUMMARY ***
Total pot $0.6 | Rake $0 | Jackpot $0 | Bingo $0
Seat 1: Hero (button) folded before Flop (didn't bet)
Seat 2: 2fa1b2a0 (small blind) folded before Flop
Seat 3: 2e63d897 (big blind) folded before Flop
Seat 4: 3fcd47b4 folded before Flop (didn't bet)
Seat 5: 5090f8bc folded before Flop (didn't bet)
Seat 6: 6df23d4f collected ($0.6)


Poker Hand #RC1221694275: Hold'em No Limit  ($0.1/$0.25) - 2022/12/15 20:18:04
Table 'RushAndCash5509535' 6-max Seat #1 is the button
Seat 1: 2fa1b2a0 ($25 in chips)
Seat 2: 3d082d05 ($20.83 in chips)
Seat 3: Hero ($52.83 in chips)
Seat 4: a524aea5 ($25 in chips)
Seat 5: 21bbb2ec ($12.6 in chips)
Seat 6: 62a69a3e ($31.81 in chips)
3d082d05: posts small blind $0.1
Hero: posts big blind $0.25
*** HOLE CARDS ***
Dealt to 2fa1b2a0
Dealt to 3d082d05
Dealt to Hero [6d 8d]
Dealt to a524aea5
Dealt to 21bbb2ec
Dealt to 62a69a3e
a524aea5: raises $0.33 to $0.58
21bbb2ec: folds
62a69a3e: folds
2fa1b2a0: calls $0.58
3d082d05: folds
Hero: calls $0.33
*** FLOP *** [5d 3h 8c]
Hero: bets $0.71
a524aea5: folds
2fa1b2a0: raises $1.29 to $2
Hero: calls $1.29
*** TURN *** [5d 3h 8c] [Qs]
Hero: checks
2fa1b2a0: bets $3.56
Hero: folds
Uncalled bet ($3.56) returned to 2fa1b2a0
*** SHOWDOWN ***
2fa1b2a0 collected $5.55 from pot
*** SUMMARY ***
Total pot $5.84 | Rake $0.29 | Jackpot $0 | Bingo $0
Board [5d 3h 8c Qs]
Seat 1: 2fa1b2a0 (button) won ($5.55)
Seat 2: 3d082d05 (small blind) folded before Flop
Seat 3: Hero (big blind) folded on the Turn
Seat 4: a524aea5 folded on the Flop
Seat 5: 21bbb2ec folded before Flop (didn't bet)
Seat 6: 62a69a3e folded before Flop (didn't bet)


Poker Hand #RC1221694143: Hold'em No Limit  ($0.1/$0.25) - 2022/12/15 20:17:27
Table 'RushAndCash5509403' 6-max Seat #1 is the button
Seat 1: 82737320 ($26.73 in chips)
Seat 2: Hero ($52.93 in chips)
Seat 3: 354cf86b ($112.11 in chips)
Seat 4: 4611ff10 ($30.56 in chips)
Seat 5: 9da3808a ($25.79 in chips)
Seat 6: dc1fae2c ($25.35 in chips)
Hero: posts small blind $0.1
354cf86b: posts big blind $0.25
*** HOLE CARDS ***
Dealt to 82737320
Dealt to Hero [6h 7s]
Dealt to 354cf86b
Dealt to 4611ff10
Dealt to 9da3808a
Dealt to dc1fae2c
4611ff10: folds
9da3808a: raises $0.5 to $0.75
dc1fae2c: folds
82737320: folds
Hero: folds
354cf86b: calls $0.5
*** FLOP *** [As Qs 7d]
354cf86b: checks
9da3808a: bets $1.04
354cf86b: folds
Uncalled bet ($1.04) returned to 9da3808a
*** SHOWDOWN ***
9da3808a collected $1.52 from pot
*** SUMMARY ***
Total pot $1.6 | Rake $0.08 | Jackpot $0 | Bingo $0
Board [As Qs 7d]
Seat 1: 82737320 (button) folded before Flop (didn't bet)
Seat 2: Hero (small blind) folded before Flop
Seat 3: 354cf86b (big blind) folded on the Flop
Seat 4: 4611ff10 folded before Flop (didn't bet)
Seat 5: 9da3808a won ($1.52)
Seat 6: dc1fae2c folded before Flop (didn't bet)


Poker Hand #RC1221694092: Hold'em No Limit  ($0.1/$0.25) - 2022/12/15 20:17:13
Table 'RushAndCash5509352' 6-max Seat #1 is the button
Seat 1: 108ad0e8 ($51.61 in chips)
Seat 2: 1b387e0c ($40.48 in chips)
Seat 3: 7f54bb08 ($28.33 in chips)
Seat 4: 9fa87ba7 ($39.15 in chips)
Seat 5: 9d097dd3 ($28.89 in chips)
Seat 6: Hero ($52.93 in chips)
1b387e0c: posts small blind $0.1
7f54bb08: posts big blind $0.25
*** HOLE CARDS ***
Dealt to 108ad0e8
Dealt to 1b387e0c
Dealt to 7f54bb08
Dealt to 9fa87ba7
Dealt to 9d097dd3
Dealt to Hero [4h Kh]
9fa87ba7: folds
9d097dd3: folds
Hero: folds
108ad0e8: folds
1b387e0c: raises $0.5 to $0.75
7f54bb08: folds
Uncalled bet ($0.5) returned to 1b387e0c
*** SHOWDOWN ***
1b387e0c collected $0.5 from pot
*** SUMMARY ***
Total pot $0.5 | Rake $0 | Jackpot $0 | Bingo $0
Seat 1: 108ad0e8 (button) folded before Flop (didn't bet)
Seat 2: 1b387e0c (small blind) collected ($0.5)
Seat 3: 7f54bb08 (big blind) folded before Flop
Seat 4: 9fa87ba7 folded before Flop (didn't bet)
Seat 5: 9d097dd3 folded before Flop (didn't bet)
Seat 6: Hero folded before Flop (didn't bet)


Poker Hand #RC1221694067: Hold'em No Limit  ($0.1/$0.25) - 2022/12/15 20:17:06
Table 'RushAndCash5509327' 6-max Seat #1 is the button
Seat 1: 4d8561a7 ($25 in chips)
Seat 2: dc1fae2c ($25.1 in chips)
Seat 3: 23fd0cb5 ($16.53 in chips)
Seat 4: Hero ($52.93 in chips)
Seat 5: 98c5bfbe ($25 in chips)
Seat 6: fd42393c ($27.16 in chips)
dc1fae2c: posts small blind $0.1
23fd0cb5: posts big blind $0.25
*** HOLE CARDS ***
Dealt to 4d8561a7
Dealt to dc1fae2c
Dealt to 23fd0cb5
Dealt to Hero [3c Jd]
Dealt to 98c5bfbe
Dealt to fd42393c
Hero: folds
98c5bfbe: raises $0.38 to $0.63
fd42393c: folds
4d8561a7: folds
dc1fae2c: folds
23fd0cb5: folds
Uncalled bet ($0.38) returned to 98c5bfbe
*** SHOWDOWN ***
98c5bfbe collected $0.6 from pot
*** SUMMARY ***
Total pot $0.6 | Rake $0 | Jackpot $0 | Bingo $0
Seat 1: 4d8561a7 (button) folded before Flop (didn't bet)
Seat 2: dc1fae2c (small blind) folded before Flop
Seat 3: 23fd0cb5 (big blind) folded before Flop
Seat 4: Hero folded before Flop (didn't bet)
Seat 5: 98c5bfbe collected ($0.6)
Seat 6: fd42393c folded before Flop (didn't bet)


Poker Hand #RC1221694050: Hold'em No Limit  ($0.1/$0.25) - 2022/12/15 20:17:01
Table 'RushAndCash5509310' 6-max Seat #1 is the button
Seat 1: 8f0a1f2f ($37.05 in chips)
Seat 2: f57443b6 ($24.25 in chips)
Seat 3: a4e6c492 ($26.22 in chips)
Seat 4: Hero ($52.93 in chips)
Seat 5: 48ce163 ($31.98 in chips)
Seat 6: 2a8c80f6 ($74.83 in chips)
f57443b6: posts small blind $0.1
a4e6c492: posts big blind $0.25
*** HOLE CARDS ***
Dealt to 8f0a1f2f
Dealt to f57443b6
Dealt to a4e6c492
Dealt to Hero [6c 4h]
Dealt to 48ce163
Dealt to 2a8c80f6
Hero: folds
48ce163: raises $0.38 to $0.63
2a8c80f6: folds
8f0a1f2f: raises $1.37 to $2
f57443b6: calls $1.9
a4e6c492: folds
48ce163: folds
*** FLOP *** [Jc 7d Ad]
f57443b6: bets $14.75
8f0a1f2f: folds
Uncalled bet ($14.75) returned to f57443b6
*** SHOWDOWN ***
f57443b6 collected $4.64 from pot
*** SUMMARY ***
Total pot $4.88 | Rake $0.24 | Jackpot $0 | Bingo $0
Board [Jc 7d Ad]
Seat 1: 8f0a1f2f (button) folded on the Flop
Seat 2: f57443b6 (small blind) won ($4.64)
Seat 3: a4e6c492 (big blind) folded before Flop
Seat 4: Hero folded before Flop (didn't bet)
Seat 5: 48ce163 folded before Flop
Seat 6: 2a8c80f6 folded before Flop (didn't bet)


Poker Hand #RC1221693325: Hold'em No Limit  ($0.1/$0.25) - 2022/12/15 20:13:44
Table 'RushAndCash5508585' 6-max Seat #1 is the button
Seat 1: Hero ($26.9 in chips)
Seat 2: 88cd266f ($45.06 in chips)
Seat 3: d0014caf ($41.33 in chips)
Seat 4: bb525bfd ($23.17 in chips)
Seat 5: d892d29e ($42.09 in chips)
Seat 6: e59b624a ($56.05 in chips)
88cd266f: posts small blind $0.1
d0014caf: posts big blind $0.25
*** HOLE CARDS ***
Dealt to Hero [Kh Kc]
Dealt to 88cd266f
Dealt to d0014caf
Dealt to bb525bfd
Dealt to d892d29e
Dealt to e59b624a
bb525bfd: folds
d892d29e: folds
e59b624a: folds
Hero: raises $0.38 to $0.63
88cd266f: raises $1.5 to $2.13
d0014caf: folds
Hero: raises $2.78 to $4.91
88cd266f: raises $7.96 to $12.87
Hero: raises $14.03 to $26.9 and is all-in
88cd266f: calls $14.03
Hero: shows [Kh Kc]
88cd266f: shows [Qd Qs]
*** FLOP *** [Ks Tc 2s]
*** TURN *** [Ks Tc 2s] [5s]
*** RIVER *** [Ks Tc 2s 5s] [6h]
*** SHOWDOWN ***
Hero collected $52.93 from pot
*** SUMMARY ***
Total pot $54.05 | Rake $0.75 | Jackpot $0.37 | Bingo $0
Board [Ks Tc 2s 5s 6h]
Seat 1: Hero (button) showed [Kh Kc] and won ($52.93) with Three Kings
Seat 2: 88cd266f (small blind) showed [Qd Qs] and lost with Pair of Queens
Seat 3: d0014caf (big blind) folded before Flop
Seat 4: bb525bfd folded before Flop (didn't bet)
Seat 5: d892d29e folded before Flop (didn't bet)
Seat 6: e59b624a folded before Flop (didn't bet)


Poker Hand #RC1221693081: Hold'em No Limit  ($0.1/$0.25) - 2022/12/15 20:12:32
Table 'RushAndCash5508341' 6-max Seat #1 is the button
Seat 1: 6c3f4e9a ($30.81 in chips)
Seat 2: Hero ($24.98 in chips)
Seat 3: e79f8085 ($25.16 in chips)
Seat 4: 53f394ff ($29.42 in chips)
Seat 5: cc556b6b ($25 in chips)
Seat 6: a954bece ($41.7 in chips)
Hero: posts small blind $0.1
e79f8085: posts big blind $0.25
*** HOLE CARDS ***
Dealt to 6c3f4e9a
Dealt to Hero [Qs 8s]
Dealt to e79f8085
Dealt to 53f394ff
Dealt to cc556b6b
Dealt to a954bece
53f394ff: folds
cc556b6b: raises $0.3 to $0.55
a954bece: folds
6c3f4e9a: calls $0.55
Hero: calls $0.45
e79f8085: folds
*** FLOP *** [7s Qc 9d]
Hero: checks
cc556b6b: checks
6c3f4e9a: checks
*** TURN *** [7s Qc 9d] [7h]
Hero: bets $0.73
cc556b6b: folds
6c3f4e9a: calls $0.73
*** RIVER *** [7s Qc 9d 7h] [Qh]
Hero: bets $0.5
6c3f4e9a: folds
Uncalled bet ($0.5) returned to Hero
*** SHOWDOWN ***
Hero collected $3.2 from pot
*** SUMMARY ***
Total pot $3.36 | Rake $0.16 | Jackpot $0 | Bingo $0
Board [7s Qc 9d 7h Qh]
Seat 1: 6c3f4e9a (button) folded on the River
Seat 2: Hero (small blind) won ($3.2)
Seat 3: e79f8085 (big blind) folded before Flop
Seat 4: 53f394ff folded before Flop (didn't bet)
Seat 5: cc556b6b folded on the Turn
Seat 6: a954bece folded before Flop (didn't bet)


Poker Hand #RC1221692280: Hold'em No Limit  ($0.1/$0.25) - 2022/12/15 20:08:37
Table 'RushAndCash5507540' 6-max Seat #1 is the button
Seat 1: 54e8b54 ($32.48 in chips)
Seat 2: 9c61eabd ($21.64 in chips)
Seat 3: Hero ($24.39 in chips)
Seat 4: 44f2a5f2 ($48.2 in chips)
Seat 5: 98466b56 ($50.93 in chips)
Seat 6: f6f097d8 ($23.53 in chips)
9c61eabd: posts small blind $0.1
Hero: posts big blind $0.25
*** HOLE CARDS ***
Dealt to 54e8b54
Dealt to 9c61eabd
Dealt to Hero [Jh Ks]
Dealt to 44f2a5f2
Dealt to 98466b56
Dealt to f6f097d8
44f2a5f2: folds
98466b56: folds
f6f097d8: folds
54e8b54: raises $0.3 to $0.55
9c61eabd: folds
Hero: calls $0.3
*** FLOP *** [2c 8d Kc]
Hero: checks
54e8b54: checks
*** TURN *** [2c 8d Kc] [4d]
Hero: bets $0.6
54e8b54: folds
Uncalled bet ($0.6) returned to Hero
*** SHOWDOWN ***
Hero collected $1.14 from pot
*** SUMMARY ***
Total pot $1.2 | Rake $0.06 | Jackpot $0 | Bingo $0
Board [2c 8d Kc 4d]
Seat 1: 54e8b54 (button) folded on the Turn
Seat 2: 9c61eabd (small blind) folded before Flop
Seat 3: Hero (big blind) won ($1.14)
Seat 4: 44f2a5f2 folded before Flop (didn't bet)
Seat 5: 98466b56 folded before Flop (didn't bet)
Seat 6: f6f097d8 folded before Flop (didn't bet)


Poker Hand #RC1221692265: Hold'em No Limit  ($0.1/$0.25) - 2022/12/15 20:08:33
Table 'RushAndCash5507525' 6-max Seat #1 is the button
Seat 1: 5a8450aa ($8.83 in chips)
Seat 2: ac314e23 ($28.57 in chips)
Seat 3: 19dd1 ($57.62 in chips)
Seat 4: a1a9d217 ($32.7 in chips)
Seat 5: Hero ($24.39 in chips)
Seat 6: 2aeea425 ($52.6 in chips)
ac314e23: posts small blind $0.1
19dd1: posts big blind $0.25
*** HOLE CARDS ***
Dealt to 5a8450aa
Dealt to ac314e23
Dealt to 19dd1
Dealt to a1a9d217
Dealt to Hero [Qs 7d]
Dealt to 2aeea425
a1a9d217: folds
Hero: folds
2aeea425: folds
5a8450aa: raises $0.25 to $0.5
ac314e23: folds
19dd1: calls $0.25
*** FLOP *** [2s 3s 3h]
19dd1: checks
5a8450aa: checks
*** TURN *** [2s 3s 3h] [8h]
19dd1: checks
5a8450aa: bets $0.5
19dd1: folds
Uncalled bet ($0.5) returned to 5a8450aa
*** SHOWDOWN ***
5a8450aa collected $1.05 from pot
*** SUMMARY ***
Total pot $1.1 | Rake $0.05 | Jackpot $0 | Bingo $0
Board [2s 3s 3h 8h]
Seat 1: 5a8450aa (button) won ($1.05)
Seat 2: ac314e23 (small blind) folded before Flop
Seat 3: 19dd1 (big blind) folded on the Turn
Seat 4: a1a9d217 folded before Flop (didn't bet)
Seat 5: Hero folded before Flop (didn't bet)
Seat 6: 2aeea425 folded before Flop (didn't bet)


Poker Hand #RC1221692248: Hold'em No Limit  ($0.1/$0.25) - 2022/12/15 20:08:27
Table 'RushAndCash5507508' 6-max Seat #1 is the button
Seat 1: 5479e8cb ($25 in chips)
Seat 2: e0007c84 ($26.41 in chips)
Seat 3: 53f394ff ($26.88 in chips)
Seat 4: Hero ($24.39 in chips)
Seat 5: b8736b28 ($19.23 in chips)
Seat 6: d0014caf ($41.81 in chips)
e0007c84: posts small blind $0.1
53f394ff: posts big blind $0.25
*** HOLE CARDS ***
Dealt to 5479e8cb
Dealt to e0007c84
Dealt to 53f394ff
Dealt to Hero [6c Kd]
Dealt to b8736b28
Dealt to d0014caf
Hero: folds
b8736b28: folds
d0014caf: folds
5479e8cb: folds
e0007c84: folds
Uncalled bet ($0.15) returned to 53f394ff
*** SHOWDOWN ***
53f394ff collected $0.2 from pot
*** SUMMARY ***
Total pot $0.2 | Rake $0 | Jackpot $0 | Bingo $0
Seat 1: 5479e8cb (button) folded before Flop (didn't bet)
Seat 2: e0007c84 (small blind) folded before Flop
Seat 3: 53f394ff (big blind) collected ($0.2)
Seat 4: Hero folded before Flop (didn't bet)
Seat 5: b8736b28 folded before Flop (didn't bet)
Seat 6: d0014caf folded before Flop (didn't bet)


Poker Hand #RC1221692011: Hold'em No Limit  ($0.1/$0.25) - 2022/12/15 20:07:19
Table 'RushAndCash5507271' 6-max Seat #1 is the button
Seat 1: 3e8ab17d ($18.31 in chips)
Seat 2: d66f6aff ($24.75 in chips)
Seat 3: 23fd0cb5 ($15.78 in chips)
Seat 4: Hero ($24.39 in chips)
Seat 5: 79092d3e ($25 in chips)
Seat 6: c522af3e ($27.06 in chips)
d66f6aff: posts small blind $0.1
23fd0cb5: posts big blind $0.25
*** HOLE CARDS ***
Dealt to 3e8ab17d
Dealt to d66f6aff
Dealt to 23fd0cb5
Dealt to Hero [8s 9h]
Dealt to 79092d3e
Dealt to c522af3e
Hero: folds
79092d3e: folds
c522af3e: raises $0.38 to $0.63
3e8ab17d: folds
d66f6aff: folds
23fd0cb5: folds
Uncalled bet ($0.38) returned to c522af3e
*** SHOWDOWN ***
c522af3e collected $0.6 from pot
*** SUMMARY ***
Total pot $0.6 | Rake $0 | Jackpot $0 | Bingo $0
Seat 1: 3e8ab17d (button) folded before Flop (didn't bet)
Seat 2: d66f6aff (small blind) folded before Flop
Seat 3: 23fd0cb5 (big blind) folded before Flop
Seat 4: Hero folded before Flop (didn't bet)
Seat 5: 79092d3e folded before Flop (didn't bet)
Seat 6: c522af3e collected ($0.6)


Poker Hand #RC1221691962: Hold'em No Limit  ($0.1/$0.25) - 2022/12/15 20:07:06
Table 'RushAndCash5507222' 6-max Seat #1 is the button
Seat 1: Hero ($24.04 in chips)
Seat 2: 469efdc3 ($49.61 in chips)
Seat 3: b76a892d ($25 in chips)
Seat 4: 14658889 ($25 in chips)
Seat 5: 280dfec7 ($16.5 in chips)
Seat 6: ad9100c7 ($25.1 in chips)
469efdc3: posts small blind $0.1
b76a892d: posts big blind $0.25
*** HOLE CARDS ***
Dealt to Hero [Qh Jh]
Dealt to 469efdc3
Dealt to b76a892d
Dealt to 14658889
Dealt to 280dfec7
Dealt to ad9100c7
14658889: folds
280dfec7: folds
ad9100c7: folds
Hero: raises $0.38 to $0.63
469efdc3: folds
b76a892d: folds
Uncalled bet ($0.38) returned to Hero
*** SHOWDOWN ***
Hero collected $0.6 from pot
*** SUMMARY ***
Total pot $0.6 | Rake $0 | Jackpot $0 | Bingo $0
Seat 1: Hero (button) collected ($0.6)
Seat 2: 469efdc3 (small blind) folded before Flop
Seat 3: b76a892d (big blind) folded before Flop
Seat 4: 14658889 folded before Flop (didn't bet)
Seat 5: 280dfec7 folded before Flop (didn't bet)
Seat 6: ad9100c7 folded before Flop (didn't bet)


Poker Hand #RC1221691921: Hold'em No Limit  ($0.1/$0.25) - 2022/12/15 20:06:55
Table 'RushAndCash5507181' 6-max Seat #1 is the button
Seat 1: 2c410a0b ($30.95 in chips)
Seat 2: 2a8c80f6 ($64.55 in chips)
Seat 3: Hero ($23.94 in chips)
Seat 4: 290e1c8e ($35.13 in chips)
Seat 5: 46d0776e ($26.37 in chips)
Seat 6: 1e776889 ($50.72 in chips)
2a8c80f6: posts small blind $0.1
Hero: posts big blind $0.25
*** HOLE CARDS ***
Dealt to 2c410a0b
Dealt to 2a8c80f6
Dealt to Hero [Ah 5d]
Dealt to 290e1c8e
Dealt to 46d0776e
Dealt to 1e776889
290e1c8e: folds
46d0776e: folds
1e776889: folds
2c410a0b: folds
2a8c80f6: folds
Uncalled bet ($0.15) returned to Hero
*** SHOWDOWN ***
Hero collected $0.2 from pot
*** SUMMARY ***
Total pot $0.2 | Rake $0 | Jackpot $0 | Bingo $0
Seat 1: 2c410a0b (button) folded before Flop (didn't bet)
Seat 2: 2a8c80f6 (small blind) folded before Flop
Seat 3: Hero (big blind) collected ($0.2)
Seat 4: 290e1c8e folded before Flop (didn't bet)
Seat 5: 46d0776e folded before Flop (didn't bet)
Seat 6: 1e776889 folded before Flop (didn't bet)


Poker Hand #RC1221691873: Hold'em No Limit  ($0.1/$0.25) - 2022/12/15 20:06:42
Table 'RushAndCash5507133' 6-max Seat #1 is the button
Seat 1: 5a8450aa ($9.51 in chips)
Seat 2: Hero ($23.71 in chips)
Seat 3: 57995060 ($32.35 in chips)
Seat 4: fd42393c ($25.25 in chips)
Seat 5: 27f3a4ef ($73.44 in chips)
Seat 6: 398551b7 ($18.21 in chips)
Hero: posts small blind $0.1
57995060: posts big blind $0.25
*** HOLE CARDS ***
Dealt to 5a8450aa
Dealt to Hero [6s 4d]
Dealt to 57995060
Dealt to fd42393c
Dealt to 27f3a4ef
Dealt to 398551b7
fd42393c: folds
27f3a4ef: folds
398551b7: folds
5a8450aa: folds
Hero: calls $0.15
57995060: checks
*** FLOP *** [6c 7c 9s]
Hero: bets $0.25
57995060: folds
Uncalled bet ($0.25) returned to Hero
*** SHOWDOWN ***
Hero collected $0.48 from pot
*** SUMMARY ***
Total pot $0.5 | Rake $0.02 | Jackpot $0 | Bingo $0
Board [6c 7c 9s]
Seat 1: 5a8450aa (button) folded before Flop (didn't bet)
Seat 2: Hero (small blind) won ($0.48)
Seat 3: 57995060 (big blind) folded on the Flop
Seat 4: fd42393c folded before Flop (didn't bet)
Seat 5: 27f3a4ef folded before Flop (didn't bet)
Seat 6: 398551b7 folded before Flop (didn't bet)


Poker Hand #RC1221691611: Hold'em No Limit  ($0.1/$0.25) - 2022/12/15 20:05:32
Table 'RushAndCash5506871' 6-max Seat #1 is the button
Seat 1: d66f6aff ($25 in chips)
Seat 2: ad9100c7 ($25 in chips)
Seat 3: 7fbc1ac7 ($25.35 in chips)
Seat 4: Hero ($23.36 in chips)
Seat 5: 1af50dd9 ($25.45 in chips)
Seat 6: a08c000d ($32.6 in chips)
ad9100c7: posts small blind $0.1
7fbc1ac7: posts big blind $0.25
*** HOLE CARDS ***
Dealt to d66f6aff
Dealt to ad9100c7
Dealt to 7fbc1ac7
Dealt to Hero [8c 7c]
Dealt to 1af50dd9
Dealt to a08c000d
Hero: raises $0.38 to $0.63
1af50dd9: folds
a08c000d: folds
d66f6aff: folds
ad9100c7: folds
7fbc1ac7: folds
Uncalled bet ($0.38) returned to Hero
*** SHOWDOWN ***
Hero collected $0.6 from pot
*** SUMMARY ***
Total pot $0.6 | Rake $0 | Jackpot $0 | Bingo $0
Seat 1: d66f6aff (button) folded before Flop (didn't bet)
Seat 2: ad9100c7 (small blind) folded before Flop
Seat 3: 7fbc1ac7 (big blind) folded before Flop
Seat 4: Hero collected ($0.6)
Seat 5: 1af50dd9 folded before Flop (didn't bet)
Seat 6: a08c000d folded before Flop (didn't bet)


Poker Hand #RC1221691593: Hold'em No Limit  ($0.1/$0.25) - 2022/12/15 20:05:27
Table 'RushAndCash5506853' 6-max Seat #1 is the button
Seat 1: Hero ($23.36 in chips)
Seat 2: 74aed757 ($37.41 in chips)
Seat 3: efc28f28 ($113.81 in chips)
Seat 4: 3def9528 ($20.34 in chips)
Seat 5: d6495aac ($29.52 in chips)
Seat 6: a8de1642 ($25 in chips)
74aed757: posts small blind $0.1
efc28f28: posts big blind $0.25
*** HOLE CARDS ***
Dealt to Hero [Ts 4s]
Dealt to 74aed757
Dealt to efc28f28
Dealt to 3def9528
Dealt to d6495aac
Dealt to a8de1642
3def9528: folds
d6495aac: raises $0.25 to $0.5
a8de1642: folds
Hero: folds
74aed757: folds
efc28f28: calls $0.25
*** FLOP *** [Td 4c 7d]
efc28f28: checks
d6495aac: checks
*** TURN *** [Td 4c 7d] [Kd]
efc28f28: checks
d6495aac: bets $0.55
efc28f28: raises $1.76 to $2.31
d6495aac: folds
Uncalled bet ($1.76) returned to efc28f28
*** SHOWDOWN ***
efc28f28 collected $2.09 from pot
*** SUMMARY ***
Total pot $2.2 | Rake $0.11 | Jackpot $0 | Bingo $0
Board [Td 4c 7d Kd]
Seat 1: Hero (button) folded before Flop (didn't bet)
Seat 2: 74aed757 (small blind) folded before Flop
Seat 3: efc28f28 (big blind) won ($2.09)
Seat 4: 3def9528 folded before Flop (didn't bet)
Seat 5: d6495aac folded on the Turn
Seat 6: a8de1642 folded before Flop (didn't bet)


Poker Hand #RC1221691580: Hold'em No Limit  ($0.1/$0.25) - 2022/12/15 20:05:23
Table 'RushAndCash5506840' 6-max Seat #1 is the button
Seat 1: 36ba83e1 ($25 in chips)
Seat 2: 31d747f8 ($25 in chips)
Seat 3: 23fd0cb5 ($15.69 in chips)
Seat 4: d6495aac ($29.52 in chips)
Seat 5: Hero ($23.36 in chips)
Seat 6: 3fcd47b4 ($6.01 in chips)
31d747f8: posts small blind $0.1
23fd0cb5: posts big blind $0.25
*** HOLE CARDS ***
Dealt to 36ba83e1
Dealt to 31d747f8
Dealt to 23fd0cb5
Dealt to d6495aac
Dealt to Hero [Qs 6c]
Dealt to 3fcd47b4
d6495aac: folds
Hero: folds
3fcd47b4: folds
36ba83e1: folds
31d747f8: folds
Uncalled bet ($0.15) returned to 23fd0cb5
*** SHOWDOWN ***
23fd0cb5 collected $0.2 from pot
*** SUMMARY ***
Total pot $0.2 | Rake $0 | Jackpot $0 | Bingo $0
Seat 1: 36ba83e1 (button) folded before Flop (didn't bet)
Seat 2: 31d747f8 (small blind) folded before Flop
Seat 3: 23fd0cb5 (big blind) collected ($0.2)
Seat 4: d6495aac folded before Flop (didn't bet)
Seat 5: Hero folded before Flop (didn't bet)
Seat 6: 3fcd47b4 folded before Flop (didn't bet)


Poker Hand #RC1221691533: Hold'em No Limit  ($0.1/$0.25) - 2022/12/15 20:05:09
Table 'RushAndCash5506793' 6-max Seat #1 is the button
Seat 1: 3fcd47b4 ($6.01 in chips)
Seat 2: Hero ($23.46 in chips)
Seat 3: 8179f1e ($29.12 in chips)
Seat 4: fd64096f ($25.25 in chips)
Seat 5: a954bece ($34.39 in chips)
Seat 6: f9cf458e ($16.15 in chips)
Hero: posts small blind $0.1
8179f1e: posts big blind $0.25
*** HOLE CARDS ***
Dealt to 3fcd47b4
Dealt to Hero [Kh 7c]
Dealt to 8179f1e
Dealt to fd64096f
Dealt to a954bece
Dealt to f9cf458e
fd64096f: folds
a954bece: folds
f9cf458e: raises $0.38 to $0.63
3fcd47b4: folds
Hero: folds
8179f1e: folds
Uncalled bet ($0.38) returned to f9cf458e
*** SHOWDOWN ***
f9cf458e collected $0.6 from pot
*** SUMMARY ***
Total pot $0.6 | Rake $0 | Jackpot $0 | Bingo $0
Seat 1: 3fcd47b4 (button) folded before Flop (didn't bet)
Seat 2: Hero (small blind) folded before Flop
Seat 3: 8179f1e (big blind) folded before Flop
Seat 4: fd64096f folded before Flop (didn't bet)
Seat 5: a954bece folded before Flop (didn't bet)
Seat 6: f9cf458e collected ($0.6)


Poker Hand #RC1221691310: Hold'em No Limit  ($0.1/$0.25) - 2022/12/15 20:04:05
Table 'RushAndCash5506570' 6-max Seat #1 is the button
Seat 1: 5f0ace51 ($6.94 in chips)
Seat 2: b788b6cf ($53.47 in chips)
Seat 3: Hero ($22.02 in chips)
Seat 4: 475609d9 ($30.19 in chips)
Seat 5: f901d412 ($26.27 in chips)
Seat 6: 931a2c6b ($41.11 in chips)
b788b6cf: posts small blind $0.1
Hero: posts big blind $0.25
*** HOLE CARDS ***
Dealt to 5f0ace51
Dealt to b788b6cf
Dealt to Hero [Ad 7h]
Dealt to 475609d9
Dealt to f901d412
Dealt to 931a2c6b
475609d9: folds
f901d412: folds
931a2c6b: folds
5f0ace51: folds
b788b6cf: raises $0.75 to $1
Hero: calls $0.75
*** FLOP *** [5h 4s Ac]
b788b6cf: bets $0.6
Hero: calls $0.6
*** TURN *** [5h 4s Ac] [9c]
b788b6cf: checks
Hero: checks
*** RIVER *** [5h 4s Ac 9c] [4d]
b788b6cf: checks
Hero: bets $0.95
b788b6cf: folds
Uncalled bet ($0.95) returned to Hero
*** SHOWDOWN ***
Hero collected $3.04 from pot
*** SUMMARY ***
Total pot $3.2 | Rake $0.16 | Jackpot $0 | Bingo $0
Board [5h 4s Ac 9c 4d]
Seat 1: 5f0ace51 (button) folded before Flop (didn't bet)
Seat 2: b788b6cf (small blind) folded on the River
Seat 3: Hero (big blind) won ($3.04)
Seat 4: 475609d9 folded before Flop (didn't bet)
Seat 5: f901d412 folded before Flop (didn't bet)
Seat 6: 931a2c6b folded before Flop (didn't bet)


Poker Hand #RC1221691290: Hold'em No Limit  ($0.1/$0.25) - 2022/12/15 20:04:00
Table 'RushAndCash5506550' 6-max Seat #1 is the button
Seat 1: a1a9d217 ($28.3 in chips)
Seat 2: 8bb2a51 ($68.68 in chips)
Seat 3: f3bf815d ($25.59 in chips)
Seat 4: 6df23d4f ($25 in chips)
Seat 5: c04b89e8 ($27.12 in chips)
Seat 6: Hero ($22.02 in chips)
8bb2a51: posts small blind $0.1
f3bf815d: posts big blind $0.25
*** HOLE CARDS ***
Dealt to a1a9d217
Dealt to 8bb2a51
Dealt to f3bf815d
Dealt to 6df23d4f
Dealt to c04b89e8
Dealt to Hero [5h 9s]
6df23d4f: raises $0.28 to $0.53
c04b89e8: calls $0.53
Hero: folds
a1a9d217: folds
8bb2a51: calls $0.43
f3bf815d: calls $0.28
*** FLOP *** [Ad 5c Kc]
8bb2a51: checks
f3bf815d: checks
6df23d4f: checks
c04b89e8: checks
*** TURN *** [Ad 5c Kc] [2d]
8bb2a51: checks
f3bf815d: checks
6df23d4f: bets $0.77
c04b89e8: folds
8bb2a51: folds
f3bf815d: folds
Uncalled bet ($0.77) returned to 6df23d4f
*** SHOWDOWN ***
6df23d4f collected $2.02 from pot
*** SUMMARY ***
Total pot $2.12 | Rake $0.1 | Jackpot $0 | Bingo $0
Board [Ad 5c Kc 2d]
Seat 1: a1a9d217 (button) folded before Flop (didn't bet)
Seat 2: 8bb2a51 (small blind) folded on the Turn
Seat 3: f3bf815d (big blind) folded on the Turn
Seat 4: 6df23d4f won ($2.02)
Seat 5: c04b89e8 folded on the Turn
Seat 6: Hero folded before Flop (didn't bet)


Poker Hand #RC1221691248: Hold'em No Limit  ($0.1/$0.25) - 2022/12/15 20:03:48
Table 'RushAndCash5506508' 6-max Seat #1 is the button
Seat 1: fde19591 ($10.26 in chips)
Seat 2: f4cbf2c0 ($74.1 in chips)
Seat 3: b8555b7b ($32.32 in chips)
Seat 4: 475609d9 ($30.19 in chips)
Seat 5: Hero ($22.02 in chips)
Seat 6: 49081d15 ($27.23 in chips)
f4cbf2c0: posts small blind $0.1
b8555b7b: posts big blind $0.25
*** HOLE CARDS ***
Dealt to fde19591
Dealt to f4cbf2c0
Dealt to b8555b7b
Dealt to 475609d9
Dealt to Hero [Ks 9h]
Dealt to 49081d15
475609d9: folds
Hero: folds
49081d15: folds
fde19591: folds
f4cbf2c0: raises $0.5 to $0.75
b8555b7b: folds
Uncalled bet ($0.5) returned to f4cbf2c0
*** SHOWDOWN ***
f4cbf2c0 collected $0.5 from pot
*** SUMMARY ***
Total pot $0.5 | Rake $0 | Jackpot $0 | Bingo $0
Seat 1: fde19591 (button) folded before Flop (didn't bet)
Seat 2: f4cbf2c0 (small blind) collected ($0.5)
Seat 3: b8555b7b (big blind) folded before Flop
Seat 4: 475609d9 folded before Flop (didn't bet)
Seat 5: Hero folded before Flop (didn't bet)
Seat 6: 49081d15 folded before Flop (didn't bet)


Poker Hand #RC1221690888: Hold'em No Limit  ($0.1/$0.25) - 2022/12/15 20:02:01
Table 'RushAndCash5506148' 6-max Seat #1 is the button
Seat 1: 475609d9 ($28.4 in chips)
Seat 2: 7ffe4651 ($26.76 in chips)
Seat 3: 1ccee04 ($43.69 in chips)
Seat 4: d905011 ($36.29 in chips)
Seat 5: 490704f7 ($57.76 in chips)
Seat 6: Hero ($24.02 in chips)
7ffe4651: posts small blind $0.1
1ccee04: posts big blind $0.25
*** HOLE CARDS ***
Dealt to 475609d9
Dealt to 7ffe4651
Dealt to 1ccee04
Dealt to d905011
Dealt to 490704f7
Dealt to Hero [9h Jh]
d905011: folds
490704f7: folds
Hero: raises $0.38 to $0.63
475609d9: raises $1.37 to $2
7ffe4651: folds
1ccee04: folds
Hero: calls $1.37
*** FLOP *** [2c 7c 3s]
Hero: checks
475609d9: checks
*** TURN *** [2c 7c 3s] [As]
Hero: checks
475609d9: bets $3.27
Hero: folds
Uncalled bet ($3.27) returned to 475609d9
*** SHOWDOWN ***
475609d9 collected $4.14 from pot
*** SUMMARY ***
Total pot $4.35 | Rake $0.21 | Jackpot $0 | Bingo $0
Board [2c 7c 3s As]
Seat 1: 475609d9 (button) won ($4.14)
Seat 2: 7ffe4651 (small blind) folded before Flop
Seat 3: 1ccee04 (big blind) folded before Flop
Seat 4: d905011 folded before Flop (didn't bet)
Seat 5: 490704f7 folded before Flop (didn't bet)
Seat 6: Hero folded on the Turn


Poker Hand #RC1221690758: Hold'em No Limit  ($0.1/$0.25) - 2022/12/15 20:01:21
Table 'RushAndCash5506018' 6-max Seat #1 is the button
Seat 1: Hero ($24.02 in chips)
Seat 2: 57fb74b3 ($38.15 in chips)
Seat 3: b9708961 ($16.05 in chips)
Seat 4: 78d1dede ($25 in chips)
Seat 5: 937808b8 ($22.41 in chips)
Seat 6: ba7789e7 ($4.68 in chips)
57fb74b3: posts small blind $0.1
b9708961: posts big blind $0.25
*** HOLE CARDS ***
Dealt to Hero [6s 8s]
Dealt to 57fb74b3
Dealt to b9708961
Dealt to 78d1dede
Dealt to 937808b8
Dealt to ba7789e7
78d1dede: folds
937808b8: folds
ba7789e7: raises $0.75 to $1
Hero: folds
57fb74b3: folds
b9708961: folds
Uncalled bet ($0.75) returned to ba7789e7
*** SHOWDOWN ***
ba7789e7 collected $0.6 from pot
*** SUMMARY ***
Total pot $0.6 | Rake $0 | Jackpot $0 | Bingo $0
Seat 1: Hero (button) folded before Flop (didn't bet)
Seat 2: 57fb74b3 (small blind) folded before Flop
Seat 3: b9708961 (big blind) folded before Flop
Seat 4: 78d1dede folded before Flop (didn't bet)
Seat 5: 937808b8 folded before Flop (didn't bet)
Seat 6: ba7789e7 collected ($0.6)


Poker Hand #RC1221690703: Hold'em No Limit  ($0.1/$0.25) - 2022/12/15 20:01:04
Table 'RushAndCash5505963' 6-max Seat #1 is the button
Seat 1: ba7789e7 ($3.76 in chips)
Seat 2: ff46dbf3 ($21.46 in chips)
Seat 3: 9c61eabd ($22.67 in chips)
Seat 4: 2b892aa9 ($29.42 in chips)
Seat 5: Hero ($24.65 in chips)
Seat 6: a7a39882 ($10 in chips)
ff46dbf3: posts small blind $0.1
9c61eabd: posts big blind $0.25
*** HOLE CARDS ***
Dealt to ba7789e7
Dealt to ff46dbf3
Dealt to 9c61eabd
Dealt to 2b892aa9
Dealt to Hero [8s 9s]
Dealt to a7a39882
2b892aa9: folds
Hero: raises $0.38 to $0.63
a7a39882: folds
ba7789e7: raises $3.13 to $3.76 and is all-in
ff46dbf3: folds
9c61eabd: folds
Hero: folds
Uncalled bet ($3.13) returned to ba7789e7
*** SHOWDOWN ***
ba7789e7 collected $1.55 from pot
*** SUMMARY ***
Total pot $1.61 | Rake $0.06 | Jackpot $0 | Bingo $0
Seat 1: ba7789e7 (button) collected ($1.55)
Seat 2: ff46dbf3 (small blind) folded before Flop
Seat 3: 9c61eabd (big blind) folded before Flop
Seat 4: 2b892aa9 folded before Flop (didn't bet)
Seat 5: Hero folded before Flop
Seat 6: a7a39882 folded before Flop (didn't bet)


Poker Hand #RC1221690606: Hold'em No Limit  ($0.1/$0.25) - 2022/12/15 20:00:40
Table 'RushAndCash5505866' 6-max Seat #1 is the button
Seat 1: d00e554d ($92.18 in chips)
Seat 2: c4e0c509 ($32.34 in chips)
Seat 3: Hero ($24.9 in chips)
Seat 4: a1c2a730 ($34.86 in chips)
Seat 5: fbe7093f ($29.97 in chips)
Seat 6: 35381f99 ($38.21 in chips)
c4e0c509: posts small blind $0.1
Hero: posts big blind $0.25
*** HOLE CARDS ***
Dealt to d00e554d
Dealt to c4e0c509
Dealt to Hero [7s Ad]
Dealt to a1c2a730
Dealt to fbe7093f
Dealt to 35381f99
a1c2a730: folds
fbe7093f: folds
35381f99: folds
d00e554d: raises $0.33 to $0.58
c4e0c509: raises $1.92 to $2.5
Hero: folds
d00e554d: folds
Uncalled bet ($1.92) returned to c4e0c509
*** SHOWDOWN ***
c4e0c509 collected $1.34 from pot
*** SUMMARY ***
Total pot $1.41 | Rake $0.07 | Jackpot $0 | Bingo $0
Seat 1: d00e554d (button) folded before Flop
Seat 2: c4e0c509 (small blind) collected ($1.34)
Seat 3: Hero (big blind) folded before Flop
Seat 4: a1c2a730 folded before Flop (didn't bet)
Seat 5: fbe7093f folded before Flop (didn't bet)
Seat 6: 35381f99 folded before Flop (didn't bet)


Poker Hand #RC1221690497: Hold'em No Limit  ($0.1/$0.25) - 2022/12/15 20:00:11
Table 'RushAndCash5505757' 6-max Seat #1 is the button
Seat 1: 74a2016c ($25 in chips)
Seat 2: Hero ($25 in chips)
Seat 3: fd64096f ($25 in chips)
Seat 4: b1a14bc6 ($39.11 in chips)
Seat 5: 44f2a5f2 ($37.91 in chips)
Seat 6: 23fd0cb5 ($9.64 in chips)
Hero: posts small blind $0.1
fd64096f: posts big blind $0.25
*** HOLE CARDS ***
Dealt to 74a2016c
Dealt to Hero [2c 8c]
Dealt to fd64096f
Dealt to b1a14bc6
Dealt to 44f2a5f2
Dealt to 23fd0cb5
b1a14bc6: folds
44f2a5f2: raises $0.35 to $0.6
23fd0cb5: folds
74a2016c: folds
Hero: folds
fd64096f: folds
Uncalled bet ($0.35) returned to 44f2a5f2
*** SHOWDOWN ***
44f2a5f2 collected $0.6 from pot
*** SUMMARY ***
Total pot $0.6 | Rake $0 | Jackpot $0 | Bingo $0
Seat 1: 74a2016c (button) folded before Flop (didn't bet)
Seat 2: Hero (small blind) folded before Flop
Seat 3: fd64096f (big blind) folded before Flop
Seat 4: b1a14bc6 folded before Flop (didn't bet)
Seat 5: 44f2a5f2 collected ($0.6)
Seat 6: 23fd0cb5 folded before Flop (didn't bet)


Poker Hand #RC1221690481: Hold'em No Limit  ($0.1/$0.25) - 2022/12/15 20:00:08
Table 'RushAndCash5505741' 6-max Seat #1 is the button
Seat 1: b247bb7b ($14.71 in chips)
Seat 2: 843d2d35 ($26.91 in chips)
Seat 3: d97688fa ($19.35 in chips)
Seat 4: c99fe110 ($32.5 in chips)
Seat 5: Hero ($25 in chips)
Seat 6: 5c8e1a3f ($28.5 in chips)
843d2d35: posts small blind $0.1
d97688fa: posts big blind $0.25
*** HOLE CARDS ***
Dealt to b247bb7b
Dealt to 843d2d35
Dealt to d97688fa
Dealt to c99fe110
Dealt to Hero [2d 4s]
Dealt to 5c8e1a3f
c99fe110: folds
Hero: folds
5c8e1a3f: folds
b247bb7b: raises $0.25 to $0.5
843d2d35: raises $1.44 to $1.94
d97688fa: folds
b247bb7b: folds
Uncalled bet ($1.44) returned to 843d2d35
*** SHOWDOWN ***
843d2d35 collected $1.19 from pot
*** SUMMARY ***
Total pot $1.25 | Rake $0.06 | Jackpot $0 | Bingo $0
Seat 1: b247bb7b (button) folded before Flop
Seat 2: 843d2d35 (small blind) collected ($1.19)
Seat 3: d97688fa (big blind) folded before Flop
Seat 4: c99fe110 folded before Flop (didn't bet)
Seat 5: Hero folded before Flop (didn't bet)
Seat 6: 5c8e1a3f folded before Flop (didn't bet)


Poker Hand #RC1221690467: Hold'em No Limit  ($0.1/$0.25) - 2022/12/15 20:00:03
Table 'RushAndCash5505727' 6-max Seat #1 is the button
Seat 1: 45bc02cf ($42.24 in chips)
Seat 2: ec2d2e61 ($18.92 in chips)
Seat 3: d892d29e ($41.44 in chips)
Seat 4: a08c000d ($27.44 in chips)
Seat 5: Hero ($25 in chips)
Seat 6: e5bd5219 ($25 in chips)
ec2d2e61: posts small blind $0.1
d892d29e: posts big blind $0.25
*** HOLE CARDS ***
Dealt to 45bc02cf
Dealt to ec2d2e61
Dealt to d892d29e
Dealt to a08c000d
Dealt to Hero [Jh 4c]
Dealt to e5bd5219
a08c000d: raises $0.38 to $0.63
Hero: folds
e5bd5219: folds
45bc02cf: folds
ec2d2e61: folds
d892d29e: raises $1.37 to $2
a08c000d: folds
Uncalled bet ($1.37) returned to d892d29e
*** SHOWDOWN ***
d892d29e collected $1.3 from pot
*** SUMMARY ***
Total pot $1.36 | Rake $0.06 | Jackpot $0 | Bingo $0
Seat 1: 45bc02cf (button) folded before Flop (didn't bet)
Seat 2: ec2d2e61 (small blind) folded before Flop
Seat 3: d892d29e (big blind) collected ($1.3)
Seat 4: a08c000d folded before Flop
Seat 5: Hero folded before Flop (didn't bet)
Seat 6: e5bd5219 folded before Flop (didn't bet)


Poker Hand #RC1221690450: Hold'em No Limit  ($0.1/$0.25) - 2022/12/15 19:59:59
Table 'RushAndCash5505710' 6-max Seat #1 is the button
Seat 1: 1b5c12c9 ($51.29 in chips)
Seat 2: 9b250715 ($50.79 in chips)
Seat 3: d76c88b6 ($39.98 in chips)
Seat 4: 8f2c2f7c ($8.77 in chips)
Seat 5: Hero ($25 in chips)
Seat 6: d97688fa ($19.35 in chips)
9b250715: posts small blind $0.1
d76c88b6: posts big blind $0.25
*** HOLE CARDS ***
Dealt to 1b5c12c9
Dealt to 9b250715
Dealt to d76c88b6
Dealt to 8f2c2f7c
Dealt to Hero [3d Kc]
Dealt to d97688fa
8f2c2f7c: folds
Hero: folds
d97688fa: folds
1b5c12c9: raises $0.38 to $0.63
9b250715: folds
d76c88b6: folds
Uncalled bet ($0.38) returned to 1b5c12c9
*** SHOWDOWN ***
1b5c12c9 collected $0.6 from pot
*** SUMMARY ***
Total pot $0.6 | Rake $0 | Jackpot $0 | Bingo $0
Seat 1: 1b5c12c9 (button) collected ($0.6)
Seat 2: 9b250715 (small blind) folded before Flop
Seat 3: d76c88b6 (big blind) folded before Flop
Seat 4: 8f2c2f7c folded before Flop (didn't bet)
Seat 5: Hero folded before Flop (didn't bet)
Seat 6: d97688fa folded before Flop (didn't bet)


Poker Hand #RC1221690417: Hold'em No Limit  ($0.1/$0.25) - 2022/12/15 19:59:50
Table 'RushAndCash5505677' 6-max Seat #1 is the button
Seat 1: Hero ($25 in chips)
Seat 2: 7ffe4651 ($26.04 in chips)
Seat 3: 23fd0cb5 ($9.99 in chips)
Seat 4: d78b309b ($25.31 in chips)
Seat 5: 3fcd47b4 ($6.27 in chips)
Seat 6: 290e1c8e ($25 in chips)
7ffe4651: posts small blind $0.1
23fd0cb5: posts big blind $0.25
*** HOLE CARDS ***
Dealt to Hero [2h Jc]
Dealt to 7ffe4651
Dealt to 23fd0cb5
Dealt to d78b309b
Dealt to 3fcd47b4
Dealt to 290e1c8e
d78b309b: raises $0.38 to $0.63
3fcd47b4: folds
290e1c8e: folds
Hero: folds
7ffe4651: folds
23fd0cb5: folds
Uncalled bet ($0.38) returned to d78b309b
*** SHOWDOWN ***
d78b309b collected $0.6 from pot
*** SUMMARY ***
Total pot $0.6 | Rake $0 | Jackpot $0 | Bingo $0
Seat 1: Hero (button) folded before Flop (didn't bet)
Seat 2: 7ffe4651 (small blind) folded before Flop
Seat 3: 23fd0cb5 (big blind) folded before Flop
Seat 4: d78b309b collected ($0.6)
Seat 5: 3fcd47b4 folded before Flop (didn't bet)
Seat 6: 290e1c8e folded before Flop (didn't bet)


Poker Hand #RC1221690360: Hold'em No Limit  ($0.1/$0.25) - 2022/12/15 19:59:36
Table 'RushAndCash5505620' 6-max Seat #1 is the button
Seat 1: b76a892d ($27.01 in chips)
Seat 2: Hero ($24.75 in chips)
Seat 3: dd135587 ($41.31 in chips)
Seat 4: 21bbb2ec ($23.17 in chips)
Seat 5: bfdf274f ($26.66 in chips)
Seat 6: ae71b86c ($10.18 in chips)
Hero: posts small blind $0.1
dd135587: posts big blind $0.25
*** HOLE CARDS ***
Dealt to b76a892d
Dealt to Hero [As Qs]
Dealt to dd135587
Dealt to 21bbb2ec
Dealt to bfdf274f
Dealt to ae71b86c
21bbb2ec: folds
bfdf274f: folds
ae71b86c: folds
b76a892d: folds
Hero: raises $0.5 to $0.75
dd135587: folds
Uncalled bet ($0.5) returned to Hero
*** SHOWDOWN ***
Hero collected $0.5 from pot
*** SUMMARY ***
Total pot $0.5 | Rake $0 | Jackpot $0 | Bingo $0
Seat 1: b76a892d (button) folded before Flop (didn't bet)
Seat 2: Hero (small blind) collected ($0.5)
Seat 3: dd135587 (big blind) folded before Flop
Seat 4: 21bbb2ec folded before Flop (didn't bet)
Seat 5: bfdf274f folded before Flop (didn't bet)
Seat 6: ae71b86c folded before Flop (didn't bet)


Poker Hand #RC1221690284: Hold'em No Limit  ($0.1/$0.25) - 2022/12/15 19:59:12
Table 'RushAndCash5505544' 6-max Seat #1 is the button
Seat 1: 2234f4d ($30.09 in chips)
Seat 2: 2b4eeac1 ($30.59 in chips)
Seat 3: Hero ($25 in chips)
Seat 4: 6c5b225f ($27.42 in chips)
Seat 5: e0d474cf ($25 in chips)
Seat 6: 2e63d897 ($27.75 in chips)
2b4eeac1: posts small blind $0.1
Hero: posts big blind $0.25
*** HOLE CARDS ***
Dealt to 2234f4d
Dealt to 2b4eeac1
Dealt to Hero [4c 2h]
Dealt to 6c5b225f
Dealt to e0d474cf
Dealt to 2e63d897
6c5b225f: raises $0.38 to $0.63
e0d474cf: folds
2e63d897: folds
2234f4d: folds
2b4eeac1: folds
Hero: folds
Uncalled bet ($0.38) returned to 6c5b225f
*** SHOWDOWN ***
6c5b225f collected $0.6 from pot
*** SUMMARY ***
Total pot $0.6 | Rake $0 | Jackpot $0 | Bingo $0
Seat 1: 2234f4d (button) folded before Flop (didn't bet)
Seat 2: 2b4eeac1 (small blind) folded before Flop
Seat 3: Hero (big blind) folded before Flop
Seat 4: 6c5b225f collected ($0.6)
Seat 5: e0d474cf folded before Flop (didn't bet)
Seat 6: 2e63d897 folded before Flop (didn't bet)




