Poker Hand #RC1355583139: Hold'em No Limit  ($0.05/$0.1) - 2023/02/20 11:47:55
Table 'RushAndCash12778399' 6-max Seat #1 is the button
Seat 1: 571ee780 ($10.68 in chips)
Seat 2: cde9ae7f ($10 in chips)
Seat 3: a2296571 ($19.9 in chips)
Seat 4: Hero ($2.09 in chips)
Seat 5: 4bb3d887 ($18.03 in chips)
Seat 6: dd7c43a8 ($10 in chips)
cde9ae7f: posts small blind $0.05
a2296571: posts big blind $0.1
*** HOLE CARDS ***
Dealt to 571ee780
Dealt to cde9ae7f
Dealt to a2296571
Dealt to Hero [7d 7h]
Dealt to 4bb3d887
Dealt to dd7c43a8
Hero: raises $0.15 to $0.25
4bb3d887: folds
dd7c43a8: folds
571ee780: folds
cde9ae7f: folds
a2296571: folds
Uncalled bet ($0.15) returned to Hero
*** SHOWDOWN ***
Hero collected $0.25 from pot
*** SUMMARY ***
Total pot $0.25 | Rake $0 | Jackpot $0 | Bingo $0 | Fortune $0
Seat 1: 571ee780 (button) folded before Flop (didn't bet)
Seat 2: cde9ae7f (small blind) folded before Flop
Seat 3: a2296571 (big blind) folded before Flop
Seat 4: Hero collected ($0.25)
Seat 5: 4bb3d887 folded before Flop (didn't bet)
Seat 6: dd7c43a8 folded before Flop (didn't bet)


Poker Hand #RC1355582463: Hold'em No Limit  ($0.05/$0.1) - 2023/02/20 11:45:15
Table 'RushAndCash12777723' 6-max Seat #1 is the button
Seat 1: a2296571 ($10 in chips)
Seat 2: Hero ($12.09 in chips)
Seat 3: 3e6f224e ($10 in chips)
Seat 4: 9ee2bf92 ($11.32 in chips)
Seat 5: ec6da9c2 ($26.23 in chips)
Seat 6: 9696998e ($8.92 in chips)
Hero: posts small blind $0.05
3e6f224e: posts big blind $0.1
*** HOLE CARDS ***
Dealt to a2296571
Dealt to Hero [Jc Jd]
Dealt to 3e6f224e
Dealt to 9ee2bf92
Dealt to ec6da9c2
Dealt to 9696998e
9ee2bf92: folds
ec6da9c2: folds
9696998e: raises $0.15 to $0.25
a2296571: raises $0.49 to $0.74
Hero: raises $1.38 to $2.12
3e6f224e: folds
9696998e: folds
a2296571: calls $1.38
*** FLOP *** [Qc 7c 9s]
Hero: checks
a2296571: checks
*** TURN *** [Qc 7c 9s] [Qd]
Hero: bets $1.27
a2296571: raises $2.36 to $3.63
Hero: calls $2.36
*** RIVER *** [Qc 7c 9s Qd] [Th]
Hero: checks
a2296571: bets $4.25 and is all-in
Hero: calls $4.25
a2296571: shows [Qs As] (Three Queens)
Hero: shows [Jc Jd] (Pair of Queens and Pair of Jacks)
*** SHOWDOWN ***
a2296571 collected $19.9 from pot
*** SUMMARY ***
Total pot $20.35 | Rake $0.3 | Jackpot $0.15 | Bingo $0 | Fortune $0
Board [Qc 7c 9s Qd Th]
Seat 1: a2296571 (button) showed [Qs As] and won ($19.9) with Three Queens
Seat 2: Hero (small blind) showed [Jc Jd] and lost with Pair of Queens and Pair of Jacks
Seat 3: 3e6f224e (big blind) folded before Flop
Seat 4: 9ee2bf92 folded before Flop (didn't bet)
Seat 5: ec6da9c2 folded before Flop (didn't bet)
Seat 6: 9696998e folded before Flop


Poker Hand #RC1355582422: Hold'em No Limit  ($0.05/$0.1) - 2023/02/20 11:45:05
Table 'RushAndCash12777682' 6-max Seat #1 is the button
Seat 1: c2c8dcc7 ($10.74 in chips)
Seat 2: f2fa5c8a ($10.62 in chips)
Seat 3: 4bb3d887 ($18.4 in chips)
Seat 4: 261525be ($55.8 in chips)
Seat 5: Hero ($12.09 in chips)
Seat 6: 91494836 ($15.98 in chips)
f2fa5c8a: posts small blind $0.05
4bb3d887: posts big blind $0.1
*** HOLE CARDS ***
Dealt to c2c8dcc7
Dealt to f2fa5c8a
Dealt to 4bb3d887
Dealt to 261525be
Dealt to Hero [As Th]
Dealt to 91494836
261525be: folds
Hero: folds
91494836: raises $0.12 to $0.22
c2c8dcc7: folds
f2fa5c8a: folds
4bb3d887: calls $0.12
*** FLOP *** [Tc Qh 9h]
4bb3d887: checks
91494836: bets $0.17
4bb3d887: folds
Uncalled bet ($0.17) returned to 91494836
*** SHOWDOWN ***
91494836 collected $0.47 from pot
*** SUMMARY ***
Total pot $0.49 | Rake $0.02 | Jackpot $0 | Bingo $0 | Fortune $0
Board [Tc Qh 9h]
Seat 1: c2c8dcc7 (button) folded before Flop (didn't bet)
Seat 2: f2fa5c8a (small blind) folded before Flop
Seat 3: 4bb3d887 (big blind) folded on the Flop
Seat 4: 261525be folded before Flop (didn't bet)
Seat 5: Hero folded before Flop (didn't bet)
Seat 6: 91494836 won ($0.47)


Poker Hand #RC1355582350: Hold'em No Limit  ($0.05/$0.1) - 2023/02/20 11:44:47
Table 'RushAndCash12777610' 6-max Seat #1 is the button
Seat 1: Hero ($12.09 in chips)
Seat 2: d265a1ad ($9.9 in chips)
Seat 3: 817010ae ($9.7 in chips)
Seat 4: 2019d716 ($10.24 in chips)
Seat 5: 98bd588b ($4.98 in chips)
Seat 6: baee9ee9 ($11.39 in chips)
d265a1ad: posts small blind $0.05
817010ae: posts big blind $0.1
*** HOLE CARDS ***
Dealt to Hero [8c Ah]
Dealt to d265a1ad
Dealt to 817010ae
Dealt to 2019d716
Dealt to 98bd588b
Dealt to baee9ee9
2019d716: folds
98bd588b: folds
baee9ee9: folds
Hero: folds
d265a1ad: folds
Uncalled bet ($0.05) returned to 817010ae
*** SHOWDOWN ***
817010ae collected $0.1 from pot
*** SUMMARY ***
Total pot $0.1 | Rake $0 | Jackpot $0 | Bingo $0 | Fortune $0
Seat 1: Hero (button) folded before Flop (didn't bet)
Seat 2: d265a1ad (small blind) folded before Flop
Seat 3: 817010ae (big blind) collected ($0.1)
Seat 4: 2019d716 folded before Flop (didn't bet)
Seat 5: 98bd588b folded before Flop (didn't bet)
Seat 6: baee9ee9 folded before Flop (didn't bet)


Poker Hand #RC1355582220: Hold'em No Limit  ($0.05/$0.1) - 2023/02/20 11:44:20
Table 'RushAndCash12777480' 6-max Seat #1 is the button
Seat 1: baee9ee9 ($11.02 in chips)
Seat 2: 61a5f9b0 ($17.23 in chips)
Seat 3: 26b67938 ($9.54 in chips)
Seat 4: 815620fd ($9.85 in chips)
Seat 5: Hero ($12.34 in chips)
Seat 6: a76673f4 ($10 in chips)
61a5f9b0: posts small blind $0.05
26b67938: posts big blind $0.1
*** HOLE CARDS ***
Dealt to baee9ee9
Dealt to 61a5f9b0
Dealt to 26b67938
Dealt to 815620fd
Dealt to Hero [Jc Qc]
Dealt to a76673f4
815620fd: folds
Hero: raises $0.15 to $0.25
a76673f4: folds
baee9ee9: raises $0.55 to $0.8
61a5f9b0: folds
26b67938: folds
Hero: folds
Uncalled bet ($0.55) returned to baee9ee9
*** SHOWDOWN ***
baee9ee9 collected $0.62 from pot
*** SUMMARY ***
Total pot $0.65 | Rake $0.03 | Jackpot $0 | Bingo $0 | Fortune $0
Seat 1: baee9ee9 (button) collected ($0.62)
Seat 2: 61a5f9b0 (small blind) folded before Flop
Seat 3: 26b67938 (big blind) folded before Flop
Seat 4: 815620fd folded before Flop (didn't bet)
Seat 5: Hero folded before Flop
Seat 6: a76673f4 folded before Flop (didn't bet)


Poker Hand #RC1355582165: Hold'em No Limit  ($0.05/$0.1) - 2023/02/20 11:44:08
Table 'RushAndCash12777425' 6-max Seat #1 is the button
Seat 1: Hero ($12.34 in chips)
Seat 2: dcbe299f ($13.19 in chips)
Seat 3: c97a7223 ($10 in chips)
Seat 4: 680d1575 ($11.44 in chips)
Seat 5: 730c6615 ($8.51 in chips)
Seat 6: 682d6d30 ($11.06 in chips)
dcbe299f: posts small blind $0.05
c97a7223: posts big blind $0.1
*** HOLE CARDS ***
Dealt to Hero [5s Kh]
Dealt to dcbe299f
Dealt to c97a7223
Dealt to 680d1575
Dealt to 730c6615
Dealt to 682d6d30
680d1575: folds
730c6615: folds
682d6d30: raises $0.15 to $0.25
Hero: folds
dcbe299f: folds
c97a7223: folds
Uncalled bet ($0.15) returned to 682d6d30
*** SHOWDOWN ***
682d6d30 collected $0.25 from pot
*** SUMMARY ***
Total pot $0.25 | Rake $0 | Jackpot $0 | Bingo $0 | Fortune $0
Seat 1: Hero (button) folded before Flop (didn't bet)
Seat 2: dcbe299f (small blind) folded before Flop
Seat 3: c97a7223 (big blind) folded before Flop
Seat 4: 680d1575 folded before Flop (didn't bet)
Seat 5: 730c6615 folded before Flop (didn't bet)
Seat 6: 682d6d30 collected ($0.25)


Poker Hand #RC1355582114: Hold'em No Limit  ($0.05/$0.1) - 2023/02/20 11:43:57
Table 'RushAndCash12777374' 6-max Seat #1 is the button
Seat 1: 8bd6ad19 ($9.68 in chips)
Seat 2: Hero ($12.39 in chips)
Seat 3: 8fab989c ($13.9 in chips)
Seat 4: 4438a74d ($8.4 in chips)
Seat 5: b3bf6aef ($11.83 in chips)
Seat 6: 47721294 ($10.53 in chips)
Hero: posts small blind $0.05
8fab989c: posts big blind $0.1
*** HOLE CARDS ***
Dealt to 8bd6ad19
Dealt to Hero [Qc 4s]
Dealt to 8fab989c
Dealt to 4438a74d
Dealt to b3bf6aef
Dealt to 47721294
4438a74d: folds
b3bf6aef: folds
47721294: folds
8bd6ad19: folds
Hero: folds
Uncalled bet ($0.05) returned to 8fab989c
*** SHOWDOWN ***
8fab989c collected $0.1 from pot
*** SUMMARY ***
Total pot $0.1 | Rake $0 | Jackpot $0 | Bingo $0 | Fortune $0
Seat 1: 8bd6ad19 (button) folded before Flop (didn't bet)
Seat 2: Hero (small blind) folded before Flop
Seat 3: 8fab989c (big blind) collected ($0.1)
Seat 4: 4438a74d folded before Flop (didn't bet)
Seat 5: b3bf6aef folded before Flop (didn't bet)
Seat 6: 47721294 folded before Flop (didn't bet)


Poker Hand #RC1355582077: Hold'em No Limit  ($0.05/$0.1) - 2023/02/20 11:43:48
Table 'RushAndCash12777337' 6-max Seat #1 is the button
Seat 1: 59e35fe1 ($11.41 in chips)
Seat 2: a00bb7ed ($10 in chips)
Seat 3: Hero ($12.49 in chips)
Seat 4: dc9819cc ($21.22 in chips)
Seat 5: b9ba8bde ($37.47 in chips)
Seat 6: 37e1fed8 ($11.48 in chips)
a00bb7ed: posts small blind $0.05
Hero: posts big blind $0.1
*** HOLE CARDS ***
Dealt to 59e35fe1
Dealt to a00bb7ed
Dealt to Hero [6d Jd]
Dealt to dc9819cc
Dealt to b9ba8bde
Dealt to 37e1fed8
dc9819cc: raises $0.15 to $0.25
b9ba8bde: folds
37e1fed8: folds
59e35fe1: folds
a00bb7ed: folds
Hero: folds
Uncalled bet ($0.15) returned to dc9819cc
*** SHOWDOWN ***
dc9819cc collected $0.25 from pot
*** SUMMARY ***
Total pot $0.25 | Rake $0 | Jackpot $0 | Bingo $0 | Fortune $0
Seat 1: 59e35fe1 (button) folded before Flop (didn't bet)
Seat 2: a00bb7ed (small blind) folded before Flop
Seat 3: Hero (big blind) folded before Flop
Seat 4: dc9819cc collected ($0.25)
Seat 5: b9ba8bde folded before Flop (didn't bet)
Seat 6: 37e1fed8 folded before Flop (didn't bet)


Poker Hand #RC1355582061: Hold'em No Limit  ($0.05/$0.1) - 2023/02/20 11:43:44
Table 'RushAndCash12777321' 6-max Seat #1 is the button
Seat 1: d0614362 ($10.12 in chips)
Seat 2: b9ba8bde ($37.52 in chips)
Seat 3: fc393c40 ($11.23 in chips)
Seat 4: e4f88fce ($13.25 in chips)
Seat 5: 680d1575 ($11.29 in chips)
Seat 6: Hero ($12.49 in chips)
b9ba8bde: posts small blind $0.05
fc393c40: posts big blind $0.1
*** HOLE CARDS ***
Dealt to d0614362
Dealt to b9ba8bde
Dealt to fc393c40
Dealt to e4f88fce
Dealt to 680d1575
Dealt to Hero [2c 3s]
e4f88fce: folds
680d1575: raises $0.15 to $0.25
Hero: folds
d0614362: folds
b9ba8bde: folds
fc393c40: folds
Uncalled bet ($0.15) returned to 680d1575
*** SHOWDOWN ***
680d1575 collected $0.25 from pot
*** SUMMARY ***
Total pot $0.25 | Rake $0 | Jackpot $0 | Bingo $0 | Fortune $0
Seat 1: d0614362 (button) folded before Flop (didn't bet)
Seat 2: b9ba8bde (small blind) folded before Flop
Seat 3: fc393c40 (big blind) folded before Flop
Seat 4: e4f88fce folded before Flop (didn't bet)
Seat 5: 680d1575 collected ($0.25)
Seat 6: Hero folded before Flop (didn't bet)


Poker Hand #RC1355582043: Hold'em No Limit  ($0.05/$0.1) - 2023/02/20 11:43:40
Table 'RushAndCash12777303' 6-max Seat #1 is the button
Seat 1: aa5d436d ($10 in chips)
Seat 2: 7ad1af32 ($10.15 in chips)
Seat 3: 185f7147 ($7 in chips)
Seat 4: 69ef0707 ($12.19 in chips)
Seat 5: 6b0c5de5 ($24.42 in chips)
Seat 6: Hero ($12.49 in chips)
7ad1af32: posts small blind $0.05
185f7147: posts big blind $0.1
*** HOLE CARDS ***
Dealt to aa5d436d
Dealt to 7ad1af32
Dealt to 185f7147
Dealt to 69ef0707
Dealt to 6b0c5de5
Dealt to Hero [5d Kd]
69ef0707: folds
6b0c5de5: raises $0.15 to $0.25
Hero: folds
aa5d436d: calls $0.25
7ad1af32: folds
185f7147: raises $0.65 to $0.9
6b0c5de5: calls $0.65
aa5d436d: folds
*** FLOP *** [2c 7s 8h]
185f7147: checks
6b0c5de5: checks
*** TURN *** [2c 7s 8h] [3h]
185f7147: checks
6b0c5de5: bets $1.05
185f7147: calls $1.05
*** RIVER *** [2c 7s 8h 3h] [8c]
185f7147: checks
6b0c5de5: bets $22.47 and is all-in
185f7147: folds
Uncalled bet ($22.47) returned to 6b0c5de5
*** SHOWDOWN ***
6b0c5de5 collected $3.85 from pot
*** SUMMARY ***
Total pot $4.2 | Rake $0.2 | Jackpot $0.15 | Bingo $0 | Fortune $0
Board [2c 7s 8h 3h 8c]
Seat 1: aa5d436d (button) folded before Flop
Seat 2: 7ad1af32 (small blind) folded before Flop
Seat 3: 185f7147 (big blind) folded on the River
Seat 4: 69ef0707 folded before Flop (didn't bet)
Seat 5: 6b0c5de5 won ($3.85)
Seat 6: Hero folded before Flop (didn't bet)


Poker Hand #RC1355582020: Hold'em No Limit  ($0.05/$0.1) - 2023/02/20 11:43:35
Table 'RushAndCash12777280' 6-max Seat #1 is the button
Seat 1: baf03e07 ($8.56 in chips)
Seat 2: 64de8da ($10.42 in chips)
Seat 3: 92c285ba ($10.82 in chips)
Seat 4: c7778375 ($23.31 in chips)
Seat 5: Hero ($12.49 in chips)
Seat 6: e7e87e52 ($12.16 in chips)
64de8da: posts small blind $0.05
92c285ba: posts big blind $0.1
*** HOLE CARDS ***
Dealt to baf03e07
Dealt to 64de8da
Dealt to 92c285ba
Dealt to c7778375
Dealt to Hero [2d 4c]
Dealt to e7e87e52
c7778375: raises $0.15 to $0.25
Hero: folds
e7e87e52: folds
baf03e07: folds
64de8da: folds
92c285ba: folds
Uncalled bet ($0.15) returned to c7778375
*** SHOWDOWN ***
c7778375 collected $0.25 from pot
*** SUMMARY ***
Total pot $0.25 | Rake $0 | Jackpot $0 | Bingo $0 | Fortune $0
Seat 1: baf03e07 (button) folded before Flop (didn't bet)
Seat 2: 64de8da (small blind) folded before Flop
Seat 3: 92c285ba (big blind) folded before Flop
Seat 4: c7778375 collected ($0.25)
Seat 5: Hero folded before Flop (didn't bet)
Seat 6: e7e87e52 folded before Flop (didn't bet)


Poker Hand #RC1355582000: Hold'em No Limit  ($0.05/$0.1) - 2023/02/20 11:43:31
Table 'RushAndCash12777260' 6-max Seat #1 is the button
Seat 1: 1f655a7 ($11.32 in chips)
Seat 2: Hero ($12.54 in chips)
Seat 3: 261525be ($55.95 in chips)
Seat 4: 37ff5e36 ($12.84 in chips)
Seat 5: dbd3ed86 ($10.52 in chips)
Seat 6: 12375d6c ($12.01 in chips)
Hero: posts small blind $0.05
261525be: posts big blind $0.1
*** HOLE CARDS ***
Dealt to 1f655a7
Dealt to Hero [2s 3h]
Dealt to 261525be
Dealt to 37ff5e36
Dealt to dbd3ed86
Dealt to 12375d6c
37ff5e36: folds
dbd3ed86: folds
12375d6c: folds
1f655a7: folds
Hero: folds
Uncalled bet ($0.05) returned to 261525be
*** SHOWDOWN ***
261525be collected $0.1 from pot
*** SUMMARY ***
Total pot $0.1 | Rake $0 | Jackpot $0 | Bingo $0 | Fortune $0
Seat 1: 1f655a7 (button) folded before Flop (didn't bet)
Seat 2: Hero (small blind) folded before Flop
Seat 3: 261525be (big blind) collected ($0.1)
Seat 4: 37ff5e36 folded before Flop (didn't bet)
Seat 5: dbd3ed86 folded before Flop (didn't bet)
Seat 6: 12375d6c folded before Flop (didn't bet)


Poker Hand #RC1355581970: Hold'em No Limit  ($0.05/$0.1) - 2023/02/20 11:43:24
Table 'RushAndCash12777230' 6-max Seat #1 is the button
Seat 1: 7ebee28 ($10 in chips)
Seat 2: fc07e4eb ($11.22 in chips)
Seat 3: baee9ee9 ($10 in chips)
Seat 4: Hero ($12.54 in chips)
Seat 5: e7b9250 ($6.71 in chips)
Seat 6: f33836bd ($10.35 in chips)
fc07e4eb: posts small blind $0.05
baee9ee9: posts big blind $0.1
*** HOLE CARDS ***
Dealt to 7ebee28
Dealt to fc07e4eb
Dealt to baee9ee9
Dealt to Hero [Kh Td]
Dealt to e7b9250
Dealt to f33836bd
Hero: folds
e7b9250: folds
f33836bd: folds
7ebee28: folds
fc07e4eb: folds
Uncalled bet ($0.05) returned to baee9ee9
*** SHOWDOWN ***
baee9ee9 collected $0.1 from pot
*** SUMMARY ***
Total pot $0.1 | Rake $0 | Jackpot $0 | Bingo $0 | Fortune $0
Seat 1: 7ebee28 (button) folded before Flop (didn't bet)
Seat 2: fc07e4eb (small blind) folded before Flop
Seat 3: baee9ee9 (big blind) collected ($0.1)
Seat 4: Hero folded before Flop (didn't bet)
Seat 5: e7b9250 folded before Flop (didn't bet)
Seat 6: f33836bd folded before Flop (didn't bet)


Poker Hand #RC1355581952: Hold'em No Limit  ($0.05/$0.1) - 2023/02/20 11:43:20
Table 'RushAndCash12777212' 6-max Seat #1 is the button
Seat 1: Hero ($12.54 in chips)
Seat 2: a859a1a2 ($13.62 in chips)
Seat 3: 37ff5e36 ($12.99 in chips)
Seat 4: dc9ea1f1 ($11.42 in chips)
Seat 5: 2a4f8ad ($24.12 in chips)
Seat 6: 29970b80 ($14.52 in chips)
a859a1a2: posts small blind $0.05
37ff5e36: posts big blind $0.1
*** HOLE CARDS ***
Dealt to Hero [8s 2h]
Dealt to a859a1a2
Dealt to 37ff5e36
Dealt to dc9ea1f1
Dealt to 2a4f8ad
Dealt to 29970b80
dc9ea1f1: folds
2a4f8ad: raises $0.15 to $0.25
29970b80: folds
Hero: folds
a859a1a2: folds
37ff5e36: folds
Uncalled bet ($0.15) returned to 2a4f8ad
*** SHOWDOWN ***
2a4f8ad collected $0.25 from pot
*** SUMMARY ***
Total pot $0.25 | Rake $0 | Jackpot $0 | Bingo $0 | Fortune $0
Seat 1: Hero (button) folded before Flop (didn't bet)
Seat 2: a859a1a2 (small blind) folded before Flop
Seat 3: 37ff5e36 (big blind) folded before Flop
Seat 4: dc9ea1f1 folded before Flop (didn't bet)
Seat 5: 2a4f8ad collected ($0.25)
Seat 6: 29970b80 folded before Flop (didn't bet)


Poker Hand #RC1355581933: Hold'em No Limit  ($0.05/$0.1) - 2023/02/20 11:43:16
Table 'RushAndCash12777193' 6-max Seat #1 is the button
Seat 1: 1a7da3db ($10 in chips)
Seat 2: d079ab9a ($10.04 in chips)
Seat 3: 3257f09e ($3.8 in chips)
Seat 4: Hero ($12.54 in chips)
Seat 5: 3fad4879 ($6.5 in chips)
Seat 6: ed68f3b6 ($12.37 in chips)
d079ab9a: posts small blind $0.05
3257f09e: posts big blind $0.1
*** HOLE CARDS ***
Dealt to 1a7da3db
Dealt to d079ab9a
Dealt to 3257f09e
Dealt to Hero [Qh Td]
Dealt to 3fad4879
Dealt to ed68f3b6
Hero: folds
3fad4879: calls $0.1
ed68f3b6: folds
1a7da3db: raises $0.3 to $0.4
d079ab9a: folds
3257f09e: folds
3fad4879: raises $6.1 to $6.5 and is all-in
1a7da3db: folds
Uncalled bet ($6.1) returned to 3fad4879
*** SHOWDOWN ***
3fad4879 collected $0.91 from pot
*** SUMMARY ***
Total pot $0.95 | Rake $0.04 | Jackpot $0 | Bingo $0 | Fortune $0
Seat 1: 1a7da3db (button) folded before Flop
Seat 2: d079ab9a (small blind) folded before Flop
Seat 3: 3257f09e (big blind) folded before Flop
Seat 4: Hero folded before Flop (didn't bet)
Seat 5: 3fad4879 collected ($0.91)
Seat 6: ed68f3b6 folded before Flop (didn't bet)


Poker Hand #RC1355581874: Hold'em No Limit  ($0.05/$0.1) - 2023/02/20 11:43:02
Table 'RushAndCash12777134' 6-max Seat #1 is the button
Seat 1: c8b81814 ($6.24 in chips)
Seat 2: 3e6f224e ($10 in chips)
Seat 3: Hero ($12.49 in chips)
Seat 4: ebe16dcb ($10.15 in chips)
Seat 5: a9856b7b ($12.13 in chips)
Seat 6: ab5ea124 ($13.44 in chips)
3e6f224e: posts small blind $0.05
Hero: posts big blind $0.1
*** HOLE CARDS ***
Dealt to c8b81814
Dealt to 3e6f224e
Dealt to Hero [5d Qc]
Dealt to ebe16dcb
Dealt to a9856b7b
Dealt to ab5ea124
ebe16dcb: folds
a9856b7b: folds
ab5ea124: folds
c8b81814: folds
3e6f224e: folds
Uncalled bet ($0.05) returned to Hero
*** SHOWDOWN ***
Hero collected $0.1 from pot
*** SUMMARY ***
Total pot $0.1 | Rake $0 | Jackpot $0 | Bingo $0 | Fortune $0
Seat 1: c8b81814 (button) folded before Flop (didn't bet)
Seat 2: 3e6f224e (small blind) folded before Flop
Seat 3: Hero (big blind) collected ($0.1)
Seat 4: ebe16dcb folded before Flop (didn't bet)
Seat 5: a9856b7b folded before Flop (didn't bet)
Seat 6: ab5ea124 folded before Flop (didn't bet)


Poker Hand #RC1355581856: Hold'em No Limit  ($0.05/$0.1) - 2023/02/20 11:42:58
Table 'RushAndCash12777116' 6-max Seat #1 is the button
Seat 1: 285561b7 ($11.71 in chips)
Seat 2: df4031da ($18.72 in chips)
Seat 3: 9d24376a ($9.35 in chips)
Seat 4: cd0747a6 ($12.04 in chips)
Seat 5: ffffb4b8 ($15.32 in chips)
Seat 6: Hero ($12.49 in chips)
df4031da: posts small blind $0.05
9d24376a: posts big blind $0.1
*** HOLE CARDS ***
Dealt to 285561b7
Dealt to df4031da
Dealt to 9d24376a
Dealt to cd0747a6
Dealt to ffffb4b8
Dealt to Hero [Kh 5s]
cd0747a6: folds
ffffb4b8: folds
Hero: folds
285561b7: raises $0.14 to $0.24
df4031da: calls $0.19
9d24376a: folds
*** FLOP *** [9d 6c 3d]
df4031da: checks
285561b7: bets $0.2
df4031da: folds
Uncalled bet ($0.2) returned to 285561b7
*** SHOWDOWN ***
285561b7 collected $0.56 from pot
*** SUMMARY ***
Total pot $0.58 | Rake $0.02 | Jackpot $0 | Bingo $0 | Fortune $0
Board [9d 6c 3d]
Seat 1: 285561b7 (button) won ($0.56)
Seat 2: df4031da (small blind) folded on the Flop
Seat 3: 9d24376a (big blind) folded before Flop
Seat 4: cd0747a6 folded before Flop (didn't bet)
Seat 5: ffffb4b8 folded before Flop (didn't bet)
Seat 6: Hero folded before Flop (didn't bet)


Poker Hand #RC1355581832: Hold'em No Limit  ($0.05/$0.1) - 2023/02/20 11:42:53
Table 'RushAndCash12777092' 6-max Seat #1 is the button
Seat 1: ca9aca88 ($13.58 in chips)
Seat 2: a00bb7ed ($10 in chips)
Seat 3: 1f655a7 ($11.42 in chips)
Seat 4: Hero ($12.49 in chips)
Seat 5: dbd3ed86 ($10.37 in chips)
Seat 6: 4dfbce84 ($14.68 in chips)
a00bb7ed: posts small blind $0.05
1f655a7: posts big blind $0.1
*** HOLE CARDS ***
Dealt to ca9aca88
Dealt to a00bb7ed
Dealt to 1f655a7
Dealt to Hero [6c 9s]
Dealt to dbd3ed86
Dealt to 4dfbce84
Hero: folds
dbd3ed86: raises $0.12 to $0.22
4dfbce84: folds
ca9aca88: folds
a00bb7ed: folds
1f655a7: folds
Uncalled bet ($0.12) returned to dbd3ed86
*** SHOWDOWN ***
dbd3ed86 collected $0.25 from pot
*** SUMMARY ***
Total pot $0.25 | Rake $0 | Jackpot $0 | Bingo $0 | Fortune $0
Seat 1: ca9aca88 (button) folded before Flop (didn't bet)
Seat 2: a00bb7ed (small blind) folded before Flop
Seat 3: 1f655a7 (big blind) folded before Flop
Seat 4: Hero folded before Flop (didn't bet)
Seat 5: dbd3ed86 collected ($0.25)
Seat 6: 4dfbce84 folded before Flop (didn't bet)


Poker Hand #RC1355581814: Hold'em No Limit  ($0.05/$0.1) - 2023/02/20 11:42:48
Table 'RushAndCash12777074' 6-max Seat #1 is the button
Seat 1: Hero ($12.49 in chips)
Seat 2: a9e8564a ($16.15 in chips)
Seat 3: 5fcfd50c ($52.47 in chips)
Seat 4: dbd3ed86 ($10.37 in chips)
Seat 5: 84079696 ($26.56 in chips)
Seat 6: c7996aac ($14.82 in chips)
a9e8564a: posts small blind $0.05
5fcfd50c: posts big blind $0.1
*** HOLE CARDS ***
Dealt to Hero [2h 3d]
Dealt to a9e8564a
Dealt to 5fcfd50c
Dealt to dbd3ed86
Dealt to 84079696
Dealt to c7996aac
dbd3ed86: folds
84079696: folds
c7996aac: folds
Hero: folds
a9e8564a: raises $0.2 to $0.3
5fcfd50c: folds
Uncalled bet ($0.2) returned to a9e8564a
*** SHOWDOWN ***
a9e8564a collected $0.2 from pot
*** SUMMARY ***
Total pot $0.2 | Rake $0 | Jackpot $0 | Bingo $0 | Fortune $0
Seat 1: Hero (button) folded before Flop (didn't bet)
Seat 2: a9e8564a (small blind) collected ($0.2)
Seat 3: 5fcfd50c (big blind) folded before Flop
Seat 4: dbd3ed86 folded before Flop (didn't bet)
Seat 5: 84079696 folded before Flop (didn't bet)
Seat 6: c7996aac folded before Flop (didn't bet)


Poker Hand #RC1355581798: Hold'em No Limit  ($0.05/$0.1) - 2023/02/20 11:42:44
Table 'RushAndCash12777058' 6-max Seat #1 is the button
Seat 1: 7a4a6309 ($15.53 in chips)
Seat 2: Hero ($12.54 in chips)
Seat 3: a562913b ($13 in chips)
Seat 4: 9a6fc320 ($8.31 in chips)
Seat 5: c2c8dcc7 ($10.15 in chips)
Seat 6: 883615b2 ($12.64 in chips)
Hero: posts small blind $0.05
a562913b: posts big blind $0.1
*** HOLE CARDS ***
Dealt to 7a4a6309
Dealt to Hero [4s 9c]
Dealt to a562913b
Dealt to 9a6fc320
Dealt to c2c8dcc7
Dealt to 883615b2
9a6fc320: raises $0.1 to $0.2
c2c8dcc7: folds
883615b2: raises $0.43 to $0.63
7a4a6309: folds
Hero: folds
a562913b: folds
9a6fc320: folds
Uncalled bet ($0.43) returned to 883615b2
*** SHOWDOWN ***
883615b2 collected $0.53 from pot
*** SUMMARY ***
Total pot $0.55 | Rake $0.02 | Jackpot $0 | Bingo $0 | Fortune $0
Seat 1: 7a4a6309 (button) folded before Flop (didn't bet)
Seat 2: Hero (small blind) folded before Flop
Seat 3: a562913b (big blind) folded before Flop
Seat 4: 9a6fc320 folded before Flop
Seat 5: c2c8dcc7 folded before Flop (didn't bet)
Seat 6: 883615b2 collected ($0.53)


Poker Hand #RC1355581741: Hold'em No Limit  ($0.05/$0.1) - 2023/02/20 11:42:32
Table 'RushAndCash12777001' 6-max Seat #1 is the button
Seat 1: 5105c32 ($14.18 in chips)
Seat 2: 3f7b311d ($11.21 in chips)
Seat 3: Hero ($12.64 in chips)
Seat 4: aa639bc6 ($18.71 in chips)
Seat 5: 5d2ac7f8 ($13.3 in chips)
Seat 6: f7b54a0f ($10 in chips)
3f7b311d: posts small blind $0.05
Hero: posts big blind $0.1
*** HOLE CARDS ***
Dealt to 5105c32
Dealt to 3f7b311d
Dealt to Hero [2c 5h]
Dealt to aa639bc6
Dealt to 5d2ac7f8
Dealt to f7b54a0f
aa639bc6: folds
5d2ac7f8: folds
f7b54a0f: raises $0.14 to $0.24
5105c32: raises $0.48 to $0.72
3f7b311d: folds
Hero: folds
f7b54a0f: calls $0.48
*** FLOP *** [Qc 8d Qs]
f7b54a0f: checks
5105c32: bets $1.04
f7b54a0f: calls $1.04
*** TURN *** [Qc 8d Qs] [5c]
f7b54a0f: checks
5105c32: checks
*** RIVER *** [Qc 8d Qs 5c] [Kh]
f7b54a0f: bets $2.21
5105c32: folds
Uncalled bet ($2.21) returned to f7b54a0f
*** SHOWDOWN ***
f7b54a0f collected $3.35 from pot
*** SUMMARY ***
Total pot $3.67 | Rake $0.17 | Jackpot $0.15 | Bingo $0 | Fortune $0
Board [Qc 8d Qs 5c Kh]
Seat 1: 5105c32 (button) folded on the River
Seat 2: 3f7b311d (small blind) folded before Flop
Seat 3: Hero (big blind) folded before Flop
Seat 4: aa639bc6 folded before Flop (didn't bet)
Seat 5: 5d2ac7f8 folded before Flop (didn't bet)
Seat 6: f7b54a0f won ($3.35)


Poker Hand #RC1355581641: Hold'em No Limit  ($0.05/$0.1) - 2023/02/20 11:42:10
Table 'RushAndCash12776901' 6-max Seat #1 is the button
Seat 1: e3d8fe88 ($12.43 in chips)
Seat 2: f0febe45 ($4.9 in chips)
Seat 3: 4dfbce84 ($14.07 in chips)
Seat 4: a36e6393 ($10.11 in chips)
Seat 5: Hero ($12.64 in chips)
Seat 6: 5363d205 ($13.33 in chips)
f0febe45: posts small blind $0.05
4dfbce84: posts big blind $0.1
*** HOLE CARDS ***
Dealt to e3d8fe88
Dealt to f0febe45
Dealt to 4dfbce84
Dealt to a36e6393
Dealt to Hero [5d 8h]
Dealt to 5363d205
a36e6393: folds
Hero: folds
5363d205: folds
e3d8fe88: raises $0.15 to $0.25
f0febe45: folds
4dfbce84: folds
Uncalled bet ($0.15) returned to e3d8fe88
*** SHOWDOWN ***
e3d8fe88 collected $0.25 from pot
*** SUMMARY ***
Total pot $0.25 | Rake $0 | Jackpot $0 | Bingo $0 | Fortune $0
Seat 1: e3d8fe88 (button) collected ($0.25)
Seat 2: f0febe45 (small blind) folded before Flop
Seat 3: 4dfbce84 (big blind) folded before Flop
Seat 4: a36e6393 folded before Flop (didn't bet)
Seat 5: Hero folded before Flop (didn't bet)
Seat 6: 5363d205 folded before Flop (didn't bet)


Poker Hand #RC1355581624: Hold'em No Limit  ($0.05/$0.1) - 2023/02/20 11:42:06
Table 'RushAndCash12776884' 6-max Seat #1 is the button
Seat 1: 73d974c ($10 in chips)
Seat 2: baee9ee9 ($10.08 in chips)
Seat 3: ac33653d ($6.27 in chips)
Seat 4: 276cfbf7 ($13.89 in chips)
Seat 5: f300a600 ($10 in chips)
Seat 6: Hero ($12.64 in chips)
baee9ee9: posts small blind $0.05
ac33653d: posts big blind $0.1
*** HOLE CARDS ***
Dealt to 73d974c
Dealt to baee9ee9
Dealt to ac33653d
Dealt to 276cfbf7
Dealt to f300a600
Dealt to Hero [4s 2h]
276cfbf7: folds
f300a600: folds
Hero: folds
73d974c: raises $0.15 to $0.25
baee9ee9: folds
ac33653d: calls $0.15
*** FLOP *** [Jh Qh 7c]
ac33653d: checks
73d974c: checks
*** TURN *** [Jh Qh 7c] [6c]
ac33653d: bets $0.28
73d974c: folds
Uncalled bet ($0.28) returned to ac33653d
*** SHOWDOWN ***
ac33653d collected $0.53 from pot
*** SUMMARY ***
Total pot $0.55 | Rake $0.02 | Jackpot $0 | Bingo $0 | Fortune $0
Board [Jh Qh 7c 6c]
Seat 1: 73d974c (button) folded on the Turn
Seat 2: baee9ee9 (small blind) folded before Flop
Seat 3: ac33653d (big blind) won ($0.53)
Seat 4: 276cfbf7 folded before Flop (didn't bet)
Seat 5: f300a600 folded before Flop (didn't bet)
Seat 6: Hero folded before Flop (didn't bet)


Poker Hand #RC1355581568: Hold'em No Limit  ($0.05/$0.1) - 2023/02/20 11:41:54
Table 'RushAndCash12776828' 6-max Seat #1 is the button
Seat 1: fb54f859 ($8.75 in chips)
Seat 2: 48aa78ef ($6.65 in chips)
Seat 3: Hero ($12.74 in chips)
Seat 4: 3eaeaa30 ($10 in chips)
Seat 5: baee9ee9 ($10.28 in chips)
Seat 6: 5a678b8f ($4.42 in chips)
48aa78ef: posts small blind $0.05
Hero: posts big blind $0.1
*** HOLE CARDS ***
Dealt to fb54f859
Dealt to 48aa78ef
Dealt to Hero [As 2s]
Dealt to 3eaeaa30
Dealt to baee9ee9
Dealt to 5a678b8f
3eaeaa30: folds
baee9ee9: raises $0.1 to $0.2
5a678b8f: calls $0.2
fb54f859: raises $0.95 to $1.15
48aa78ef: folds
Hero: folds
baee9ee9: folds
5a678b8f: folds
Uncalled bet ($0.95) returned to fb54f859
*** SHOWDOWN ***
fb54f859 collected $0.72 from pot
*** SUMMARY ***
Total pot $0.75 | Rake $0.03 | Jackpot $0 | Bingo $0 | Fortune $0
Seat 1: fb54f859 (button) collected ($0.72)
Seat 2: 48aa78ef (small blind) folded before Flop
Seat 3: Hero (big blind) folded before Flop
Seat 4: 3eaeaa30 folded before Flop (didn't bet)
Seat 5: baee9ee9 folded before Flop
Seat 6: 5a678b8f folded before Flop


Poker Hand #RC1355581498: Hold'em No Limit  ($0.05/$0.1) - 2023/02/20 11:41:37
Table 'RushAndCash12776758' 6-max Seat #1 is the button
Seat 1: fe1da6ca ($10 in chips)
Seat 2: ebc75d98 ($11.92 in chips)
Seat 3: e4f88fce ($12.83 in chips)
Seat 4: 81324c38 ($10.15 in chips)
Seat 5: Hero ($12.74 in chips)
Seat 6: d9ef9ff4 ($10.88 in chips)
ebc75d98: posts small blind $0.05
e4f88fce: posts big blind $0.1
*** HOLE CARDS ***
Dealt to fe1da6ca
Dealt to ebc75d98
Dealt to e4f88fce
Dealt to 81324c38
Dealt to Hero [9h 7h]
Dealt to d9ef9ff4
81324c38: folds
Hero: folds
d9ef9ff4: folds
fe1da6ca: folds
ebc75d98: folds
Uncalled bet ($0.05) returned to e4f88fce
*** SHOWDOWN ***
e4f88fce collected $0.1 from pot
*** SUMMARY ***
Total pot $0.1 | Rake $0 | Jackpot $0 | Bingo $0 | Fortune $0
Seat 1: fe1da6ca (button) folded before Flop (didn't bet)
Seat 2: ebc75d98 (small blind) folded before Flop
Seat 3: e4f88fce (big blind) collected ($0.1)
Seat 4: 81324c38 folded before Flop (didn't bet)
Seat 5: Hero folded before Flop (didn't bet)
Seat 6: d9ef9ff4 folded before Flop (didn't bet)


Poker Hand #RC1355581454: Hold'em No Limit  ($0.05/$0.1) - 2023/02/20 11:41:28
Table 'RushAndCash12776714' 6-max Seat #1 is the button
Seat 1: 3fad4879 ($7.25 in chips)
Seat 2: 6a09f7ba ($10 in chips)
Seat 3: 16a2c926 ($10.53 in chips)
Seat 4: bbc21d07 ($15.44 in chips)
Seat 5: 2cc6bdeb ($4.64 in chips)
Seat 6: Hero ($12.74 in chips)
6a09f7ba: posts small blind $0.05
16a2c926: posts big blind $0.1
*** HOLE CARDS ***
Dealt to 3fad4879
Dealt to 6a09f7ba
Dealt to 16a2c926
Dealt to bbc21d07
Dealt to 2cc6bdeb
Dealt to Hero [Jc 4c]
bbc21d07: raises $0.15 to $0.25
2cc6bdeb: folds
Hero: folds
3fad4879: folds
6a09f7ba: folds
16a2c926: folds
Uncalled bet ($0.15) returned to bbc21d07
*** SHOWDOWN ***
bbc21d07 collected $0.25 from pot
*** SUMMARY ***
Total pot $0.25 | Rake $0 | Jackpot $0 | Bingo $0 | Fortune $0
Seat 1: 3fad4879 (button) folded before Flop (didn't bet)
Seat 2: 6a09f7ba (small blind) folded before Flop
Seat 3: 16a2c926 (big blind) folded before Flop
Seat 4: bbc21d07 collected ($0.25)
Seat 5: 2cc6bdeb folded before Flop (didn't bet)
Seat 6: Hero folded before Flop (didn't bet)


Poker Hand #RC1355581418: Hold'em No Limit  ($0.05/$0.1) - 2023/02/20 11:41:21
Table 'RushAndCash12776678' 6-max Seat #1 is the button
Seat 1: Hero ($12.74 in chips)
Seat 2: 5a678b8f ($4.15 in chips)
Seat 3: 9ee2bf92 ($10 in chips)
Seat 4: fbb34074 ($15.19 in chips)
Seat 5: 49508265 ($16.28 in chips)
Seat 6: edfcd644 ($27.58 in chips)
5a678b8f: posts small blind $0.05
9ee2bf92: posts big blind $0.1
*** HOLE CARDS ***
Dealt to Hero [9s 3c]
Dealt to 5a678b8f
Dealt to 9ee2bf92
Dealt to fbb34074
Dealt to 49508265
Dealt to edfcd644
fbb34074: folds
49508265: folds
edfcd644: folds
Hero: folds
5a678b8f: raises $0.2 to $0.3
9ee2bf92: calls $0.2
*** FLOP *** [9d 8d 5h]
5a678b8f: bets $0.3
9ee2bf92: folds
Uncalled bet ($0.3) returned to 5a678b8f
*** SHOWDOWN ***
5a678b8f collected $0.57 from pot
*** SUMMARY ***
Total pot $0.6 | Rake $0.03 | Jackpot $0 | Bingo $0 | Fortune $0
Board [9d 8d 5h]
Seat 1: Hero (button) folded before Flop (didn't bet)
Seat 2: 5a678b8f (small blind) won ($0.57)
Seat 3: 9ee2bf92 (big blind) folded on the Flop
Seat 4: fbb34074 folded before Flop (didn't bet)
Seat 5: 49508265 folded before Flop (didn't bet)
Seat 6: edfcd644 folded before Flop (didn't bet)


Poker Hand #RC1355581375: Hold'em No Limit  ($0.05/$0.1) - 2023/02/20 11:41:12
Table 'RushAndCash12776635' 6-max Seat #1 is the button
Seat 1: de9cfb03 ($7.63 in chips)
Seat 2: Hero ($12.79 in chips)
Seat 3: a2296571 ($10.7 in chips)
Seat 4: f0febe45 ($5.12 in chips)
Seat 5: cde9ae7f ($10.09 in chips)
Seat 6: 2548617d ($12.31 in chips)
Hero: posts small blind $0.05
a2296571: posts big blind $0.1
*** HOLE CARDS ***
Dealt to de9cfb03
Dealt to Hero [3s Td]
Dealt to a2296571
Dealt to f0febe45
Dealt to cde9ae7f
Dealt to 2548617d
f0febe45: folds
cde9ae7f: folds
2548617d: folds
de9cfb03: raises $0.15 to $0.25
Hero: folds
a2296571: folds
Uncalled bet ($0.15) returned to de9cfb03
*** SHOWDOWN ***
de9cfb03 collected $0.25 from pot
*** SUMMARY ***
Total pot $0.25 | Rake $0 | Jackpot $0 | Bingo $0 | Fortune $0
Seat 1: de9cfb03 (button) collected ($0.25)
Seat 2: Hero (small blind) folded before Flop
Seat 3: a2296571 (big blind) folded before Flop
Seat 4: f0febe45 folded before Flop (didn't bet)
Seat 5: cde9ae7f folded before Flop (didn't bet)
Seat 6: 2548617d folded before Flop (didn't bet)


Poker Hand #RC1355581201: Hold'em No Limit  ($0.05/$0.1) - 2023/02/20 11:40:31
Table 'RushAndCash12776461' 6-max Seat #1 is the button
Seat 1: 2548617d ($11.3 in chips)
Seat 2: a2296571 ($11.45 in chips)
Seat 3: d9ef9ff4 ($11.13 in chips)
Seat 4: edfcd644 ($27.33 in chips)
Seat 5: Hero ($13.04 in chips)
Seat 6: 6d6433a3 ($12.31 in chips)
a2296571: posts small blind $0.05
d9ef9ff4: posts big blind $0.1
*** HOLE CARDS ***
Dealt to 2548617d
Dealt to a2296571
Dealt to d9ef9ff4
Dealt to edfcd644
Dealt to Hero [Js Kh]
Dealt to 6d6433a3
edfcd644: folds
Hero: raises $0.15 to $0.25
6d6433a3: folds
2548617d: raises $0.5 to $0.75
a2296571: calls $0.7
d9ef9ff4: folds
Hero: folds
*** FLOP *** [9s 4s 2s]
a2296571: checks
2548617d: bets $0.62
a2296571: folds
Uncalled bet ($0.62) returned to 2548617d
*** SHOWDOWN ***
2548617d collected $1.76 from pot
*** SUMMARY ***
Total pot $1.85 | Rake $0.09 | Jackpot $0 | Bingo $0 | Fortune $0
Board [9s 4s 2s]
Seat 1: 2548617d (button) won ($1.76)
Seat 2: a2296571 (small blind) folded on the Flop
Seat 3: d9ef9ff4 (big blind) folded before Flop
Seat 4: edfcd644 folded before Flop (didn't bet)
Seat 5: Hero folded before Flop
Seat 6: 6d6433a3 folded before Flop (didn't bet)


Poker Hand #RC1355581182: Hold'em No Limit  ($0.05/$0.1) - 2023/02/20 11:40:27
Table 'RushAndCash12776442' 6-max Seat #1 is the button
Seat 1: Hero ($13.04 in chips)
Seat 2: d52e55e7 ($10.57 in chips)
Seat 3: c7996aac ($14.77 in chips)
Seat 4: b1b2d9d4 ($11.15 in chips)
Seat 5: b9ba8bde ($41.29 in chips)
Seat 6: edfcd644 ($27.33 in chips)
d52e55e7: posts small blind $0.05
c7996aac: posts big blind $0.1
*** HOLE CARDS ***
Dealt to Hero [Qd 4d]
Dealt to d52e55e7
Dealt to c7996aac
Dealt to b1b2d9d4
Dealt to b9ba8bde
Dealt to edfcd644
b1b2d9d4: folds
b9ba8bde: folds
edfcd644: folds
Hero: folds
d52e55e7: folds
Uncalled bet ($0.05) returned to c7996aac
*** SHOWDOWN ***
c7996aac collected $0.1 from pot
*** SUMMARY ***
Total pot $0.1 | Rake $0 | Jackpot $0 | Bingo $0 | Fortune $0
Seat 1: Hero (button) folded before Flop (didn't bet)
Seat 2: d52e55e7 (small blind) folded before Flop
Seat 3: c7996aac (big blind) collected ($0.1)
Seat 4: b1b2d9d4 folded before Flop (didn't bet)
Seat 5: b9ba8bde folded before Flop (didn't bet)
Seat 6: edfcd644 folded before Flop (didn't bet)


Poker Hand #RC1355581096: Hold'em No Limit  ($0.05/$0.1) - 2023/02/20 11:40:08
Table 'RushAndCash12776356' 6-max Seat #1 is the button
Seat 1: 2fc1bd6d ($12.47 in chips)
Seat 2: 359671e3 ($56.65 in chips)
Seat 3: c8b81814 ($5.49 in chips)
Seat 4: afd3dd96 ($15.16 in chips)
Seat 5: 7ebee28 ($10.65 in chips)
Seat 6: Hero ($13.04 in chips)
359671e3: posts small blind $0.05
c8b81814: posts big blind $0.1
*** HOLE CARDS ***
Dealt to 2fc1bd6d
Dealt to 359671e3
Dealt to c8b81814
Dealt to afd3dd96
Dealt to 7ebee28
Dealt to Hero [4d 8d]
afd3dd96: folds
7ebee28: raises $0.15 to $0.25
Hero: folds
2fc1bd6d: folds
359671e3: folds
c8b81814: folds
Uncalled bet ($0.15) returned to 7ebee28
*** SHOWDOWN ***
7ebee28 collected $0.25 from pot
*** SUMMARY ***
Total pot $0.25 | Rake $0 | Jackpot $0 | Bingo $0 | Fortune $0
Seat 1: 2fc1bd6d (button) folded before Flop (didn't bet)
Seat 2: 359671e3 (small blind) folded before Flop
Seat 3: c8b81814 (big blind) folded before Flop
Seat 4: afd3dd96 folded before Flop (didn't bet)
Seat 5: 7ebee28 collected ($0.25)
Seat 6: Hero folded before Flop (didn't bet)


Poker Hand #RC1355580959: Hold'em No Limit  ($0.05/$0.1) - 2023/02/20 11:39:36
Table 'RushAndCash12776219' 6-max Seat #1 is the button
Seat 1: 3fad4879 ($6.41 in chips)
Seat 2: Hero ($12.77 in chips)
Seat 3: 359671e3 ($56.95 in chips)
Seat 4: 6d7a934d ($19.67 in chips)
Seat 5: 99979373 ($13.53 in chips)
Seat 6: 862a31 ($10 in chips)
Hero: posts small blind $0.05
359671e3: posts big blind $0.1
*** HOLE CARDS ***
Dealt to 3fad4879
Dealt to Hero [9s Ah]
Dealt to 359671e3
Dealt to 6d7a934d
Dealt to 99979373
Dealt to 862a31
6d7a934d: folds
99979373: folds
862a31: folds
3fad4879: folds
Hero: raises $0.2 to $0.3
359671e3: calls $0.2
*** FLOP *** [Js Kc 3h]
Hero: bets $0.25
359671e3: folds
Uncalled bet ($0.25) returned to Hero
*** SHOWDOWN ***
Hero collected $0.57 from pot
*** SUMMARY ***
Total pot $0.6 | Rake $0.03 | Jackpot $0 | Bingo $0 | Fortune $0
Board [Js Kc 3h]
Seat 1: 3fad4879 (button) folded before Flop (didn't bet)
Seat 2: Hero (small blind) won ($0.57)
Seat 3: 359671e3 (big blind) folded on the Flop
Seat 4: 6d7a934d folded before Flop (didn't bet)
Seat 5: 99979373 folded before Flop (didn't bet)
Seat 6: 862a31 folded before Flop (didn't bet)


Poker Hand #RC1355580890: Hold'em No Limit  ($0.05/$0.1) - 2023/02/20 11:39:23
Table 'RushAndCash12776150' 6-max Seat #1 is the button
Seat 1: 7a4a6309 ($15.38 in chips)
Seat 2: 12375d6c ($12.28 in chips)
Seat 3: Hero ($12.87 in chips)
Seat 4: c44142ba ($10.32 in chips)
Seat 5: 3b2034cb ($10 in chips)
Seat 6: 9772c3ea ($10.15 in chips)
12375d6c: posts small blind $0.05
Hero: posts big blind $0.1
*** HOLE CARDS ***
Dealt to 7a4a6309
Dealt to 12375d6c
Dealt to Hero [Qc 9h]
Dealt to c44142ba
Dealt to 3b2034cb
Dealt to 9772c3ea
c44142ba: folds
3b2034cb: folds
9772c3ea: raises $0.15 to $0.25
7a4a6309: folds
12375d6c: folds
Hero: folds
Uncalled bet ($0.15) returned to 9772c3ea
*** SHOWDOWN ***
9772c3ea collected $0.25 from pot
*** SUMMARY ***
Total pot $0.25 | Rake $0 | Jackpot $0 | Bingo $0 | Fortune $0
Seat 1: 7a4a6309 (button) folded before Flop (didn't bet)
Seat 2: 12375d6c (small blind) folded before Flop
Seat 3: Hero (big blind) folded before Flop
Seat 4: c44142ba folded before Flop (didn't bet)
Seat 5: 3b2034cb folded before Flop (didn't bet)
Seat 6: 9772c3ea collected ($0.25)


Poker Hand #RC1355580851: Hold'em No Limit  ($0.05/$0.1) - 2023/02/20 11:39:14
Table 'RushAndCash12776111' 6-max Seat #1 is the button
Seat 1: 37ff5e36 ($12.76 in chips)
Seat 2: 7ebee28 ($10.8 in chips)
Seat 3: 2a0d7f00 ($5.14 in chips)
Seat 4: Hero ($12.87 in chips)
Seat 5: 680d1575 ($11.56 in chips)
Seat 6: 16a2c926 ($10 in chips)
7ebee28: posts small blind $0.05
2a0d7f00: posts big blind $0.1
*** HOLE CARDS ***
Dealt to 37ff5e36
Dealt to 7ebee28
Dealt to 2a0d7f00
Dealt to Hero [Jh 8d]
Dealt to 680d1575
Dealt to 16a2c926
Hero: folds
680d1575: folds
16a2c926: folds
37ff5e36: folds
7ebee28: raises $0.2 to $0.3
2a0d7f00: folds
Uncalled bet ($0.2) returned to 7ebee28
*** SHOWDOWN ***
7ebee28 collected $0.2 from pot
*** SUMMARY ***
Total pot $0.2 | Rake $0 | Jackpot $0 | Bingo $0 | Fortune $0
Seat 1: 37ff5e36 (button) folded before Flop (didn't bet)
Seat 2: 7ebee28 (small blind) collected ($0.2)
Seat 3: 2a0d7f00 (big blind) folded before Flop
Seat 4: Hero folded before Flop (didn't bet)
Seat 5: 680d1575 folded before Flop (didn't bet)
Seat 6: 16a2c926 folded before Flop (didn't bet)


Poker Hand #RC1355580831: Hold'em No Limit  ($0.05/$0.1) - 2023/02/20 11:39:10
Table 'RushAndCash12776091' 6-max Seat #1 is the button
Seat 1: 16a2c926 ($10 in chips)
Seat 2: 2a4f8ad ($23.99 in chips)
Seat 3: 3150f018 ($10 in chips)
Seat 4: Hero ($12.87 in chips)
Seat 5: 5a678b8f ($4 in chips)
Seat 6: 3e77cab6 ($11.81 in chips)
2a4f8ad: posts small blind $0.05
3150f018: posts big blind $0.1
*** HOLE CARDS ***
Dealt to 16a2c926
Dealt to 2a4f8ad
Dealt to 3150f018
Dealt to Hero [Jc 6s]
Dealt to 5a678b8f
Dealt to 3e77cab6
Hero: folds
5a678b8f: raises $0.15 to $0.25
3e77cab6: folds
16a2c926: folds
2a4f8ad: folds
3150f018: folds
Uncalled bet ($0.15) returned to 5a678b8f
*** SHOWDOWN ***
5a678b8f collected $0.25 from pot
*** SUMMARY ***
Total pot $0.25 | Rake $0 | Jackpot $0 | Bingo $0 | Fortune $0
Seat 1: 16a2c926 (button) folded before Flop (didn't bet)
Seat 2: 2a4f8ad (small blind) folded before Flop
Seat 3: 3150f018 (big blind) folded before Flop
Seat 4: Hero folded before Flop (didn't bet)
Seat 5: 5a678b8f collected ($0.25)
Seat 6: 3e77cab6 folded before Flop (didn't bet)


Poker Hand #RC1355580784: Hold'em No Limit  ($0.05/$0.1) - 2023/02/20 11:39:00
Table 'RushAndCash12776044' 6-max Seat #1 is the button
Seat 1: 7fd30ce8 ($9.92 in chips)
Seat 2: 5d23960c ($34.04 in chips)
Seat 3: 1a7da3db ($11.35 in chips)
Seat 4: 56dc8db7 ($10.02 in chips)
Seat 5: Hero ($12.87 in chips)
Seat 6: 625da9e3 ($11.27 in chips)
5d23960c: posts small blind $0.05
1a7da3db: posts big blind $0.1
*** HOLE CARDS ***
Dealt to 7fd30ce8
Dealt to 5d23960c
Dealt to 1a7da3db
Dealt to 56dc8db7
Dealt to Hero [2c 8s]
Dealt to 625da9e3
56dc8db7: folds
Hero: folds
625da9e3: folds
7fd30ce8: folds
5d23960c: folds
Uncalled bet ($0.05) returned to 1a7da3db
*** SHOWDOWN ***
1a7da3db collected $0.1 from pot
*** SUMMARY ***
Total pot $0.1 | Rake $0 | Jackpot $0 | Bingo $0 | Fortune $0
Seat 1: 7fd30ce8 (button) folded before Flop (didn't bet)
Seat 2: 5d23960c (small blind) folded before Flop
Seat 3: 1a7da3db (big blind) collected ($0.1)
Seat 4: 56dc8db7 folded before Flop (didn't bet)
Seat 5: Hero folded before Flop (didn't bet)
Seat 6: 625da9e3 folded before Flop (didn't bet)


Poker Hand #RC1355580739: Hold'em No Limit  ($0.05/$0.1) - 2023/02/20 11:38:49
Table 'RushAndCash12775999' 6-max Seat #1 is the button
Seat 1: 3e57b2f3 ($12.65 in chips)
Seat 2: ed68f3b6 ($10.91 in chips)
Seat 3: 9f383d5d ($19.85 in chips)
Seat 4: Hero ($12.87 in chips)
Seat 5: c760726f ($10.29 in chips)
Seat 6: 91dd6dc4 ($11.04 in chips)
ed68f3b6: posts small blind $0.05
9f383d5d: posts big blind $0.1
*** HOLE CARDS ***
Dealt to 3e57b2f3
Dealt to ed68f3b6
Dealt to 9f383d5d
Dealt to Hero [6d Jd]
Dealt to c760726f
Dealt to 91dd6dc4
Hero: folds
c760726f: folds
91dd6dc4: folds
3e57b2f3: raises $0.2 to $0.3
ed68f3b6: raises $0.7 to $1
9f383d5d: folds
3e57b2f3: folds
Uncalled bet ($0.7) returned to ed68f3b6
*** SHOWDOWN ***
ed68f3b6 collected $0.67 from pot
*** SUMMARY ***
Total pot $0.7 | Rake $0.03 | Jackpot $0 | Bingo $0 | Fortune $0
Seat 1: 3e57b2f3 (button) folded before Flop
Seat 2: ed68f3b6 (small blind) collected ($0.67)
Seat 3: 9f383d5d (big blind) folded before Flop
Seat 4: Hero folded before Flop (didn't bet)
Seat 5: c760726f folded before Flop (didn't bet)
Seat 6: 91dd6dc4 folded before Flop (didn't bet)


Poker Hand #RC1355580460: Hold'em No Limit  ($0.05/$0.1) - 2023/02/20 11:37:42
Table 'RushAndCash12775720' 6-max Seat #1 is the button
Seat 1: 81324c38 ($10 in chips)
Seat 2: Hero ($13.17 in chips)
Seat 3: 3e57b2f3 ($12.38 in chips)
Seat 4: 207dbbd3 ($11.4 in chips)
Seat 5: 92c285ba ($10.28 in chips)
Seat 6: 9bada917 ($10 in chips)
Hero: posts small blind $0.05
3e57b2f3: posts big blind $0.1
*** HOLE CARDS ***
Dealt to 81324c38
Dealt to Hero [Ad 3s]
Dealt to 3e57b2f3
Dealt to 207dbbd3
Dealt to 92c285ba
Dealt to 9bada917
207dbbd3: folds
92c285ba: folds
9bada917: folds
81324c38: folds
Hero: raises $0.2 to $0.3
3e57b2f3: calls $0.2
*** FLOP *** [Th 4d 3h]
Hero: checks
3e57b2f3: checks
*** TURN *** [Th 4d 3h] [2d]
Hero: checks
3e57b2f3: bets $0.35
Hero: folds
Uncalled bet ($0.35) returned to 3e57b2f3
*** SHOWDOWN ***
3e57b2f3 collected $0.57 from pot
*** SUMMARY ***
Total pot $0.6 | Rake $0.03 | Jackpot $0 | Bingo $0 | Fortune $0
Board [Th 4d 3h 2d]
Seat 1: 81324c38 (button) folded before Flop (didn't bet)
Seat 2: Hero (small blind) folded on the Turn
Seat 3: 3e57b2f3 (big blind) won ($0.57)
Seat 4: 207dbbd3 folded before Flop (didn't bet)
Seat 5: 92c285ba folded before Flop (didn't bet)
Seat 6: 9bada917 folded before Flop (didn't bet)


Poker Hand #RC1355580378: Hold'em No Limit  ($0.05/$0.1) - 2023/02/20 11:37:21
Table 'RushAndCash12775638' 6-max Seat #1 is the button
Seat 1: ce8393c8 ($18.02 in chips)
Seat 2: 714ad84c ($11.41 in chips)
Seat 3: Hero ($13.27 in chips)
Seat 4: d52e55e7 ($12.94 in chips)
Seat 5: b3bf6aef ($12.22 in chips)
Seat 6: 540e161c ($11.39 in chips)
714ad84c: posts small blind $0.05
Hero: posts big blind $0.1
*** HOLE CARDS ***
Dealt to ce8393c8
Dealt to 714ad84c
Dealt to Hero [Kh 8s]
Dealt to d52e55e7
Dealt to b3bf6aef
Dealt to 540e161c
d52e55e7: folds
b3bf6aef: folds
540e161c: raises $0.15 to $0.25
ce8393c8: folds
714ad84c: folds
Hero: folds
Uncalled bet ($0.15) returned to 540e161c
*** SHOWDOWN ***
540e161c collected $0.25 from pot
*** SUMMARY ***
Total pot $0.25 | Rake $0 | Jackpot $0 | Bingo $0 | Fortune $0
Seat 1: ce8393c8 (button) folded before Flop (didn't bet)
Seat 2: 714ad84c (small blind) folded before Flop
Seat 3: Hero (big blind) folded before Flop
Seat 4: d52e55e7 folded before Flop (didn't bet)
Seat 5: b3bf6aef folded before Flop (didn't bet)
Seat 6: 540e161c collected ($0.25)


Poker Hand #RC1355580333: Hold'em No Limit  ($0.05/$0.1) - 2023/02/20 11:37:10
Table 'RushAndCash12775593' 6-max Seat #1 is the button
Seat 1: Hero ($13.27 in chips)
Seat 2: a859a1a2 ($13.35 in chips)
Seat 3: 7f306d0 ($14.58 in chips)
Seat 4: 3f7b311d ($10.63 in chips)
Seat 5: 4438a74d ($7.18 in chips)
Seat 6: 98bd588b ($1.66 in chips)
a859a1a2: posts small blind $0.05
7f306d0: posts big blind $0.1
*** HOLE CARDS ***
Dealt to Hero [9s 6d]
Dealt to a859a1a2
Dealt to 7f306d0
Dealt to 3f7b311d
Dealt to 4438a74d
Dealt to 98bd588b
3f7b311d: folds
4438a74d: folds
98bd588b: folds
Hero: folds
a859a1a2: raises $0.2 to $0.3
7f306d0: folds
Uncalled bet ($0.2) returned to a859a1a2
*** SHOWDOWN ***
a859a1a2 collected $0.2 from pot
*** SUMMARY ***
Total pot $0.2 | Rake $0 | Jackpot $0 | Bingo $0 | Fortune $0
Seat 1: Hero (button) folded before Flop (didn't bet)
Seat 2: a859a1a2 (small blind) collected ($0.2)
Seat 3: 7f306d0 (big blind) folded before Flop
Seat 4: 3f7b311d folded before Flop (didn't bet)
Seat 5: 4438a74d folded before Flop (didn't bet)
Seat 6: 98bd588b folded before Flop (didn't bet)


Poker Hand #RC1355580316: Hold'em No Limit  ($0.05/$0.1) - 2023/02/20 11:37:05
Table 'RushAndCash12775576' 6-max Seat #1 is the button
Seat 1: ca9aca88 ($11.95 in chips)
Seat 2: 808ca232 ($20.58 in chips)
Seat 3: 47721294 ($10.25 in chips)
Seat 4: 7a4a6309 ($15.48 in chips)
Seat 5: c760726f ($10.71 in chips)
Seat 6: Hero ($13.27 in chips)
808ca232: posts small blind $0.05
47721294: posts big blind $0.1
*** HOLE CARDS ***
Dealt to ca9aca88
Dealt to 808ca232
Dealt to 47721294
Dealt to 7a4a6309
Dealt to c760726f
Dealt to Hero [8h 4s]
7a4a6309: folds
c760726f: folds
Hero: folds
ca9aca88: folds
808ca232: raises $0.2 to $0.3
47721294: raises $0.7 to $1
808ca232: raises $1.46 to $2.46
47721294: raises $7.79 to $10.25 and is all-in
808ca232: calls $7.79
47721294: shows [Qh Qc]
808ca232: shows [As Ks]
*** FLOP *** [Ts Kh 4c]
*** TURN *** [Ts Kh 4c] [Ad]
*** RIVER *** [Ts Kh 4c Ad] [6c]
*** SHOWDOWN ***
808ca232 collected $20.05 from pot
*** SUMMARY ***
Total pot $20.5 | Rake $0.3 | Jackpot $0.15 | Bingo $0 | Fortune $0
Board [Ts Kh 4c Ad 6c]
Seat 1: ca9aca88 (button) folded before Flop (didn't bet)
Seat 2: 808ca232 (small blind) showed [As Ks] and won ($20.05) with Pair of Aces and Pair of Kings
Seat 3: 47721294 (big blind) showed [Qh Qc] and lost with Pair of Queens
Seat 4: 7a4a6309 folded before Flop (didn't bet)
Seat 5: c760726f folded before Flop (didn't bet)
Seat 6: Hero folded before Flop (didn't bet)


Poker Hand #RC1355580295: Hold'em No Limit  ($0.05/$0.1) - 2023/02/20 11:37:01
Table 'RushAndCash12775555' 6-max Seat #1 is the button
Seat 1: Hero ($13.27 in chips)
Seat 2: 91dd6dc4 ($11.44 in chips)
Seat 3: 1a7da3db ($11.8 in chips)
Seat 4: 714ad84c ($11.36 in chips)
Seat 5: df5e9134 ($9.99 in chips)
Seat 6: b14290e3 ($10.25 in chips)
91dd6dc4: posts small blind $0.05
1a7da3db: posts big blind $0.1
*** HOLE CARDS ***
Dealt to Hero [5h 6d]
Dealt to 91dd6dc4
Dealt to 1a7da3db
Dealt to 714ad84c
Dealt to df5e9134
Dealt to b14290e3
714ad84c: folds
df5e9134: folds
b14290e3: folds
Hero: folds
91dd6dc4: raises $0.15 to $0.25
1a7da3db: folds
Uncalled bet ($0.15) returned to 91dd6dc4
*** SHOWDOWN ***
91dd6dc4 collected $0.2 from pot
*** SUMMARY ***
Total pot $0.2 | Rake $0 | Jackpot $0 | Bingo $0 | Fortune $0
Seat 1: Hero (button) folded before Flop (didn't bet)
Seat 2: 91dd6dc4 (small blind) collected ($0.2)
Seat 3: 1a7da3db (big blind) folded before Flop
Seat 4: 714ad84c folded before Flop (didn't bet)
Seat 5: df5e9134 folded before Flop (didn't bet)
Seat 6: b14290e3 folded before Flop (didn't bet)


Poker Hand #RC1355580211: Hold'em No Limit  ($0.05/$0.1) - 2023/02/20 11:36:44
Table 'RushAndCash12775471' 6-max Seat #1 is the button
Seat 1: 3e77cab6 ($11.72 in chips)
Seat 2: a6a419c3 ($8.1 in chips)
Seat 3: d7fcce4c ($18.52 in chips)
Seat 4: 91494836 ($10.37 in chips)
Seat 5: b469eaa3 ($10.34 in chips)
Seat 6: Hero ($13.27 in chips)
a6a419c3: posts small blind $0.05
d7fcce4c: posts big blind $0.1
*** HOLE CARDS ***
Dealt to 3e77cab6
Dealt to a6a419c3
Dealt to d7fcce4c
Dealt to 91494836
Dealt to b469eaa3
Dealt to Hero [8h Js]
91494836: folds
b469eaa3: folds
Hero: folds
3e77cab6: raises $0.15 to $0.25
a6a419c3: folds
d7fcce4c: folds
Uncalled bet ($0.15) returned to 3e77cab6
*** SHOWDOWN ***
3e77cab6 collected $0.25 from pot
*** SUMMARY ***
Total pot $0.25 | Rake $0 | Jackpot $0 | Bingo $0 | Fortune $0
Seat 1: 3e77cab6 (button) collected ($0.25)
Seat 2: a6a419c3 (small blind) folded before Flop
Seat 3: d7fcce4c (big blind) folded before Flop
Seat 4: 91494836 folded before Flop (didn't bet)
Seat 5: b469eaa3 folded before Flop (didn't bet)
Seat 6: Hero folded before Flop (didn't bet)


Poker Hand #RC1355580187: Hold'em No Limit  ($0.05/$0.1) - 2023/02/20 11:36:39
Table 'RushAndCash12775447' 6-max Seat #1 is the button
Seat 1: e51cd5aa ($12.83 in chips)
Seat 2: Hero ($13.32 in chips)
Seat 3: c44142ba ($11.07 in chips)
Seat 4: 33f1f66c ($11.98 in chips)
Seat 5: 223b058a ($17.91 in chips)
Seat 6: b48e528e ($9.24 in chips)
Hero: posts small blind $0.05
c44142ba: posts big blind $0.1
*** HOLE CARDS ***
Dealt to e51cd5aa
Dealt to Hero [Tc 2s]
Dealt to c44142ba
Dealt to 33f1f66c
Dealt to 223b058a
Dealt to b48e528e
33f1f66c: folds
223b058a: folds
b48e528e: folds
e51cd5aa: raises $0.15 to $0.25
Hero: folds
c44142ba: folds
Uncalled bet ($0.15) returned to e51cd5aa
*** SHOWDOWN ***
e51cd5aa collected $0.25 from pot
*** SUMMARY ***
Total pot $0.25 | Rake $0 | Jackpot $0 | Bingo $0 | Fortune $0
Seat 1: e51cd5aa (button) collected ($0.25)
Seat 2: Hero (small blind) folded before Flop
Seat 3: c44142ba (big blind) folded before Flop
Seat 4: 33f1f66c folded before Flop (didn't bet)
Seat 5: 223b058a folded before Flop (didn't bet)
Seat 6: b48e528e folded before Flop (didn't bet)


Poker Hand #RC1355580148: Hold'em No Limit  ($0.05/$0.1) - 2023/02/20 11:36:31
Table 'RushAndCash12775408' 6-max Seat #1 is the button
Seat 1: fbb34074 ($15.26 in chips)
Seat 2: ce8393c8 ($18.22 in chips)
Seat 3: Hero ($13.42 in chips)
Seat 4: b9086e54 ($24.63 in chips)
Seat 5: 96ae0933 ($11.03 in chips)
Seat 6: e51cd5aa ($12.83 in chips)
ce8393c8: posts small blind $0.05
Hero: posts big blind $0.1
*** HOLE CARDS ***
Dealt to fbb34074
Dealt to ce8393c8
Dealt to Hero [2c 6s]
Dealt to b9086e54
Dealt to 96ae0933
Dealt to e51cd5aa
b9086e54: folds
96ae0933: raises $0.12 to $0.22
e51cd5aa: folds
fbb34074: folds
ce8393c8: folds
Hero: folds
Uncalled bet ($0.12) returned to 96ae0933
*** SHOWDOWN ***
96ae0933 collected $0.25 from pot
*** SUMMARY ***
Total pot $0.25 | Rake $0 | Jackpot $0 | Bingo $0 | Fortune $0
Seat 1: fbb34074 (button) folded before Flop (didn't bet)
Seat 2: ce8393c8 (small blind) folded before Flop
Seat 3: Hero (big blind) folded before Flop
Seat 4: b9086e54 folded before Flop (didn't bet)
Seat 5: 96ae0933 collected ($0.25)
Seat 6: e51cd5aa folded before Flop (didn't bet)


Poker Hand #RC1355580130: Hold'em No Limit  ($0.05/$0.1) - 2023/02/20 11:36:27
Table 'RushAndCash12775390' 6-max Seat #1 is the button
Seat 1: b3bf6aef ($12.22 in chips)
Seat 2: c65b009b ($10.75 in chips)
Seat 3: 12375d6c ($12.17 in chips)
Seat 4: Hero ($13.42 in chips)
Seat 5: 74f587fe ($17.85 in chips)
Seat 6: f541e1f7 ($13.88 in chips)
c65b009b: posts small blind $0.05
12375d6c: posts big blind $0.1
*** HOLE CARDS ***
Dealt to b3bf6aef
Dealt to c65b009b
Dealt to 12375d6c
Dealt to Hero [6c 8d]
Dealt to 74f587fe
Dealt to f541e1f7
Hero: folds
74f587fe: folds
f541e1f7: folds
b3bf6aef: raises $0.15 to $0.25
c65b009b: folds
12375d6c: folds
Uncalled bet ($0.15) returned to b3bf6aef
*** SHOWDOWN ***
b3bf6aef collected $0.25 from pot
*** SUMMARY ***
Total pot $0.25 | Rake $0 | Jackpot $0 | Bingo $0 | Fortune $0
Seat 1: b3bf6aef (button) collected ($0.25)
Seat 2: c65b009b (small blind) folded before Flop
Seat 3: 12375d6c (big blind) folded before Flop
Seat 4: Hero folded before Flop (didn't bet)
Seat 5: 74f587fe folded before Flop (didn't bet)
Seat 6: f541e1f7 folded before Flop (didn't bet)


Poker Hand #RC1355580112: Hold'em No Limit  ($0.05/$0.1) - 2023/02/20 11:36:23
Table 'RushAndCash12775372' 6-max Seat #1 is the button
Seat 1: 81324c38 ($10 in chips)
Seat 2: c128646c ($12.36 in chips)
Seat 3: 11d1add1 ($15.34 in chips)
Seat 4: c65b009b ($10.75 in chips)
Seat 5: Hero ($13.42 in chips)
Seat 6: 9bada917 ($10 in chips)
c128646c: posts small blind $0.05
11d1add1: posts big blind $0.1
*** HOLE CARDS ***
Dealt to 81324c38
Dealt to c128646c
Dealt to 11d1add1
Dealt to c65b009b
Dealt to Hero [Kh 3c]
Dealt to 9bada917
c65b009b: folds
Hero: folds
9bada917: folds
81324c38: raises $0.2 to $0.3
c128646c: calls $0.25
11d1add1: calls $0.2
*** FLOP *** [6s 7c Js]
c128646c: checks
11d1add1: checks
81324c38: checks
*** TURN *** [6s 7c Js] [6d]
c128646c: bets $0.45
11d1add1: calls $0.45
81324c38: folds
*** RIVER *** [6s 7c Js 6d] [4d]
c128646c: bets $1.35
11d1add1: calls $1.35
c128646c: shows [Ah 6h] (Three Sixes)
11d1add1: shows [6c 8c] (Three Sixes)
*** SHOWDOWN ***
c128646c collected $4.09 from pot
*** SUMMARY ***
Total pot $4.5 | Rake $0.26 | Jackpot $0.15 | Bingo $0 | Fortune $0
Board [6s 7c Js 6d 4d]
Seat 1: 81324c38 (button) folded on the Turn
Seat 2: c128646c (small blind) showed [Ah 6h] and won ($4.09) with Three Sixes
Seat 3: 11d1add1 (big blind) showed [6c 8c] and lost with Three Sixes
Seat 4: c65b009b folded before Flop (didn't bet)
Seat 5: Hero folded before Flop (didn't bet)
Seat 6: 9bada917 folded before Flop (didn't bet)


Poker Hand #RC1355580095: Hold'em No Limit  ($0.05/$0.1) - 2023/02/20 11:36:19
Table 'RushAndCash12775355' 6-max Seat #1 is the button
Seat 1: 2f38a5ae ($40.72 in chips)
Seat 2: e83f0dcb ($21.04 in chips)
Seat 3: 12d0e541 ($12.05 in chips)
Seat 4: 12375d6c ($12.17 in chips)
Seat 5: Hero ($13.42 in chips)
Seat 6: fdc58edc ($10.22 in chips)
e83f0dcb: posts small blind $0.05
12d0e541: posts big blind $0.1
*** HOLE CARDS ***
Dealt to 2f38a5ae
Dealt to e83f0dcb
Dealt to 12d0e541
Dealt to 12375d6c
Dealt to Hero [5c 6d]
Dealt to fdc58edc
12375d6c: folds
Hero: folds
fdc58edc: raises $0.15 to $0.25
2f38a5ae: calls $0.25
e83f0dcb: folds
12d0e541: folds
*** FLOP *** [Js Jh 3c]
fdc58edc: checks
2f38a5ae: bets $0.52
fdc58edc: folds
Uncalled bet ($0.52) returned to 2f38a5ae
*** SHOWDOWN ***
2f38a5ae collected $0.62 from pot
*** SUMMARY ***
Total pot $0.65 | Rake $0.03 | Jackpot $0 | Bingo $0 | Fortune $0
Board [Js Jh 3c]
Seat 1: 2f38a5ae (button) won ($0.62)
Seat 2: e83f0dcb (small blind) folded before Flop
Seat 3: 12d0e541 (big blind) folded before Flop
Seat 4: 12375d6c folded before Flop (didn't bet)
Seat 5: Hero folded before Flop (didn't bet)
Seat 6: fdc58edc folded on the Flop


Poker Hand #RC1355580041: Hold'em No Limit  ($0.05/$0.1) - 2023/02/20 11:36:07
Table 'RushAndCash12775301' 6-max Seat #1 is the button
Seat 1: b877f80b ($32.55 in chips)
Seat 2: aee8af62 ($20.75 in chips)
Seat 3: Hero ($13.52 in chips)
Seat 4: 680d1575 ($12.11 in chips)
Seat 5: c760726f ($10.86 in chips)
Seat 6: fd40e209 ($10 in chips)
aee8af62: posts small blind $0.05
Hero: posts big blind $0.1
*** HOLE CARDS ***
Dealt to b877f80b
Dealt to aee8af62
Dealt to Hero [4h Qs]
Dealt to 680d1575
Dealt to c760726f
Dealt to fd40e209
680d1575: folds
c760726f: folds
fd40e209: folds
b877f80b: folds
aee8af62: raises $0.1 to $0.2
Hero: folds
Uncalled bet ($0.1) returned to aee8af62
*** SHOWDOWN ***
aee8af62 collected $0.2 from pot
*** SUMMARY ***
Total pot $0.2 | Rake $0 | Jackpot $0 | Bingo $0 | Fortune $0
Seat 1: b877f80b (button) folded before Flop (didn't bet)
Seat 2: aee8af62 (small blind) collected ($0.2)
Seat 3: Hero (big blind) folded before Flop
Seat 4: 680d1575 folded before Flop (didn't bet)
Seat 5: c760726f folded before Flop (didn't bet)
Seat 6: fd40e209 folded before Flop (didn't bet)


Poker Hand #RC1355580024: Hold'em No Limit  ($0.05/$0.1) - 2023/02/20 11:36:03
Table 'RushAndCash12775284' 6-max Seat #1 is the button
Seat 1: d6ceed4c ($9.85 in chips)
Seat 2: c36eda35 ($4.61 in chips)
Seat 3: c65b009b ($10.85 in chips)
Seat 4: Hero ($13.52 in chips)
Seat 5: b346722c ($15.44 in chips)
Seat 6: 3cb4e811 ($7.13 in chips)
c36eda35: posts small blind $0.05
c65b009b: posts big blind $0.1
*** HOLE CARDS ***
Dealt to d6ceed4c
Dealt to c36eda35
Dealt to c65b009b
Dealt to Hero [5d 8d]
Dealt to b346722c
Dealt to 3cb4e811
Hero: folds
b346722c: folds
3cb4e811: calls $0.1
d6ceed4c: raises $0.22 to $0.32
c36eda35: folds
c65b009b: folds
3cb4e811: calls $0.22
*** FLOP *** [7h Qh Tc]
3cb4e811: checks
d6ceed4c: checks
*** TURN *** [7h Qh Tc] [4s]
3cb4e811: checks
d6ceed4c: checks
*** RIVER *** [7h Qh Tc 4s] [2d]
3cb4e811: checks
d6ceed4c: checks
3cb4e811: shows [8h 6h] (Queen-High)
d6ceed4c: shows [As 8s] (Ace-High)
*** SHOWDOWN ***
d6ceed4c collected $0.75 from pot
*** SUMMARY ***
Total pot $0.79 | Rake $0.04 | Jackpot $0 | Bingo $0 | Fortune $0
Board [7h Qh Tc 4s 2d]
Seat 1: d6ceed4c (button) showed [As 8s] and won ($0.75) with Ace-High
Seat 2: c36eda35 (small blind) folded before Flop
Seat 3: c65b009b (big blind) folded before Flop
Seat 4: Hero folded before Flop (didn't bet)
Seat 5: b346722c folded before Flop (didn't bet)
Seat 6: 3cb4e811 showed [8h 6h] and lost with Queen-High


Poker Hand #RC1355579985: Hold'em No Limit  ($0.05/$0.1) - 2023/02/20 11:35:54
Table 'RushAndCash12775245' 6-max Seat #1 is the button
Seat 1: d27250b7 ($11.72 in chips)
Seat 2: Hero ($13.57 in chips)
Seat 3: 6a175754 ($11.29 in chips)
Seat 4: cf70c89d ($10.15 in chips)
Seat 5: 5a8033a2 ($11.9 in chips)
Seat 6: 5f525121 ($7.21 in chips)
Hero: posts small blind $0.05
6a175754: posts big blind $0.1
*** HOLE CARDS ***
Dealt to d27250b7
Dealt to Hero [9s Jh]
Dealt to 6a175754
Dealt to cf70c89d
Dealt to 5a8033a2
Dealt to 5f525121
cf70c89d: folds
5a8033a2: folds
5f525121: folds
d27250b7: raises $0.2 to $0.3
Hero: folds
6a175754: folds
Uncalled bet ($0.2) returned to d27250b7
*** SHOWDOWN ***
d27250b7 collected $0.25 from pot
*** SUMMARY ***
Total pot $0.25 | Rake $0 | Jackpot $0 | Bingo $0 | Fortune $0
Seat 1: d27250b7 (button) collected ($0.25)
Seat 2: Hero (small blind) folded before Flop
Seat 3: 6a175754 (big blind) folded before Flop
Seat 4: cf70c89d folded before Flop (didn't bet)
Seat 5: 5a8033a2 folded before Flop (didn't bet)
Seat 6: 5f525121 folded before Flop (didn't bet)


Poker Hand #RC1355579961: Hold'em No Limit  ($0.05/$0.1) - 2023/02/20 11:35:49
Table 'RushAndCash12775221' 6-max Seat #1 is the button
Seat 1: 3bd07dfc ($17.09 in chips)
Seat 2: 504bb324 ($10.1 in chips)
Seat 3: a486cb5f ($10.15 in chips)
Seat 4: Hero ($13.57 in chips)
Seat 5: d52e55e7 ($12.56 in chips)
Seat 6: d27250b7 ($11.72 in chips)
504bb324: posts small blind $0.05
a486cb5f: posts big blind $0.1
*** HOLE CARDS ***
Dealt to 3bd07dfc
Dealt to 504bb324
Dealt to a486cb5f
Dealt to Hero [7s 2h]
Dealt to d52e55e7
Dealt to d27250b7
Hero: folds
d52e55e7: folds
d27250b7: folds
3bd07dfc: raises $0.15 to $0.25
504bb324: folds
a486cb5f: folds
Uncalled bet ($0.15) returned to 3bd07dfc
*** SHOWDOWN ***
3bd07dfc collected $0.25 from pot
*** SUMMARY ***
Total pot $0.25 | Rake $0 | Jackpot $0 | Bingo $0 | Fortune $0
Seat 1: 3bd07dfc (button) collected ($0.25)
Seat 2: 504bb324 (small blind) folded before Flop
Seat 3: a486cb5f (big blind) folded before Flop
Seat 4: Hero folded before Flop (didn't bet)
Seat 5: d52e55e7 folded before Flop (didn't bet)
Seat 6: d27250b7 folded before Flop (didn't bet)


Poker Hand #RC1355579937: Hold'em No Limit  ($0.05/$0.1) - 2023/02/20 11:35:44
Table 'RushAndCash12775197' 6-max Seat #1 is the button
Seat 1: Hero ($13.57 in chips)
Seat 2: d52e55e7 ($12.61 in chips)
Seat 3: 538d3bdc ($11.04 in chips)
Seat 4: 52a8e9c6 ($12.55 in chips)
Seat 5: 486bf091 ($7.6 in chips)
Seat 6: d6ceed4c ($9.85 in chips)
d52e55e7: posts small blind $0.05
538d3bdc: posts big blind $0.1
*** HOLE CARDS ***
Dealt to Hero [7c Ts]
Dealt to d52e55e7
Dealt to 538d3bdc
Dealt to 52a8e9c6
Dealt to 486bf091
Dealt to d6ceed4c
52a8e9c6: folds
486bf091: folds
d6ceed4c: folds
Hero: folds
d52e55e7: folds
Uncalled bet ($0.05) returned to 538d3bdc
*** SHOWDOWN ***
538d3bdc collected $0.1 from pot
*** SUMMARY ***
Total pot $0.1 | Rake $0 | Jackpot $0 | Bingo $0 | Fortune $0
Seat 1: Hero (button) folded before Flop (didn't bet)
Seat 2: d52e55e7 (small blind) folded before Flop
Seat 3: 538d3bdc (big blind) collected ($0.1)
Seat 4: 52a8e9c6 folded before Flop (didn't bet)
Seat 5: 486bf091 folded before Flop (didn't bet)
Seat 6: d6ceed4c folded before Flop (didn't bet)


Poker Hand #RC1355579858: Hold'em No Limit  ($0.05/$0.1) - 2023/02/20 11:35:28
Table 'RushAndCash12775118' 6-max Seat #1 is the button
Seat 1: eb53786a ($21.36 in chips)
Seat 2: e6532be ($10.15 in chips)
Seat 3: 1d1067c2 ($9.88 in chips)
Seat 4: aef60f8c ($9.6 in chips)
Seat 5: bcbd400 ($32.28 in chips)
Seat 6: Hero ($13.42 in chips)
e6532be: posts small blind $0.05
1d1067c2: posts big blind $0.1
*** HOLE CARDS ***
Dealt to eb53786a
Dealt to e6532be
Dealt to 1d1067c2
Dealt to aef60f8c
Dealt to bcbd400
Dealt to Hero [9s 9c]
aef60f8c: folds
bcbd400: folds
Hero: raises $0.15 to $0.25
eb53786a: folds
e6532be: folds
1d1067c2: folds
Uncalled bet ($0.15) returned to Hero
*** SHOWDOWN ***
Hero collected $0.25 from pot
*** SUMMARY ***
Total pot $0.25 | Rake $0 | Jackpot $0 | Bingo $0 | Fortune $0
Seat 1: eb53786a (button) folded before Flop (didn't bet)
Seat 2: e6532be (small blind) folded before Flop
Seat 3: 1d1067c2 (big blind) folded before Flop
Seat 4: aef60f8c folded before Flop (didn't bet)
Seat 5: bcbd400 folded before Flop (didn't bet)
Seat 6: Hero collected ($0.25)


Poker Hand #RC1355579800: Hold'em No Limit  ($0.05/$0.1) - 2023/02/20 11:35:16
Table 'RushAndCash12775060' 6-max Seat #1 is the button
Seat 1: Hero ($13.42 in chips)
Seat 2: 72093c61 ($32.25 in chips)
Seat 3: 49a99aa6 ($10.47 in chips)
Seat 4: c36eda35 ($4.71 in chips)
Seat 5: 3854a992 ($12.51 in chips)
Seat 6: c44142ba ($11.22 in chips)
72093c61: posts small blind $0.05
49a99aa6: posts big blind $0.1
*** HOLE CARDS ***
Dealt to Hero [9s 2s]
Dealt to 72093c61
Dealt to 49a99aa6
Dealt to c36eda35
Dealt to 3854a992
Dealt to c44142ba
c36eda35: folds
3854a992: folds
c44142ba: folds
Hero: folds
72093c61: folds
Uncalled bet ($0.05) returned to 49a99aa6
*** SHOWDOWN ***
49a99aa6 collected $0.1 from pot
*** SUMMARY ***
Total pot $0.1 | Rake $0 | Jackpot $0 | Bingo $0 | Fortune $0
Seat 1: Hero (button) folded before Flop (didn't bet)
Seat 2: 72093c61 (small blind) folded before Flop
Seat 3: 49a99aa6 (big blind) collected ($0.1)
Seat 4: c36eda35 folded before Flop (didn't bet)
Seat 5: 3854a992 folded before Flop (didn't bet)
Seat 6: c44142ba folded before Flop (didn't bet)


Poker Hand #RC1355579753: Hold'em No Limit  ($0.05/$0.1) - 2023/02/20 11:35:07
Table 'RushAndCash12775013' 6-max Seat #1 is the button
Seat 1: b9ba8bde ($32.19 in chips)
Seat 2: Hero ($13.47 in chips)
Seat 3: deef66dc ($8.82 in chips)
Seat 4: 96b0a9dd ($10.43 in chips)
Seat 5: b14290e3 ($10.28 in chips)
Seat 6: aee8af62 ($20.43 in chips)
Hero: posts small blind $0.05
deef66dc: posts big blind $0.1
*** HOLE CARDS ***
Dealt to b9ba8bde
Dealt to Hero [Kc Jd]
Dealt to deef66dc
Dealt to 96b0a9dd
Dealt to b14290e3
Dealt to aee8af62
96b0a9dd: folds
b14290e3: folds
aee8af62: folds
b9ba8bde: raises $0.17 to $0.27
Hero: folds
deef66dc: raises $0.59 to $0.86
b9ba8bde: folds
Uncalled bet ($0.59) returned to deef66dc
*** SHOWDOWN ***
deef66dc collected $0.56 from pot
*** SUMMARY ***
Total pot $0.59 | Rake $0.03 | Jackpot $0 | Bingo $0 | Fortune $0
Seat 1: b9ba8bde (button) folded before Flop
Seat 2: Hero (small blind) folded before Flop
Seat 3: deef66dc (big blind) collected ($0.56)
Seat 4: 96b0a9dd folded before Flop (didn't bet)
Seat 5: b14290e3 folded before Flop (didn't bet)
Seat 6: aee8af62 folded before Flop (didn't bet)


Poker Hand #RC1355579692: Hold'em No Limit  ($0.05/$0.1) - 2023/02/20 11:34:53
Table 'RushAndCash12774952' 6-max Seat #1 is the button
Seat 1: 98bd588b ($2.86 in chips)
Seat 2: 285561b7 ($10.91 in chips)
Seat 3: Hero ($13.57 in chips)
Seat 4: 1c0b6d73 ($15.94 in chips)
Seat 5: ec6da9c2 ($22.63 in chips)
Seat 6: b9ba8bde ($32.29 in chips)
285561b7: posts small blind $0.05
Hero: posts big blind $0.1
*** HOLE CARDS ***
Dealt to 98bd588b
Dealt to 285561b7
Dealt to Hero [8c 3s]
Dealt to 1c0b6d73
Dealt to ec6da9c2
Dealt to b9ba8bde
1c0b6d73: folds
ec6da9c2: raises $0.14 to $0.24
b9ba8bde: folds
98bd588b: folds
285561b7: raises $0.87 to $1.11
Hero: folds
ec6da9c2: folds
Uncalled bet ($0.87) returned to 285561b7
*** SHOWDOWN ***
285561b7 collected $0.56 from pot
*** SUMMARY ***
Total pot $0.58 | Rake $0.02 | Jackpot $0 | Bingo $0 | Fortune $0
Seat 1: 98bd588b (button) folded before Flop (didn't bet)
Seat 2: 285561b7 (small blind) collected ($0.56)
Seat 3: Hero (big blind) folded before Flop
Seat 4: 1c0b6d73 folded before Flop (didn't bet)
Seat 5: ec6da9c2 folded before Flop
Seat 6: b9ba8bde folded before Flop (didn't bet)


Poker Hand #RC1355579671: Hold'em No Limit  ($0.05/$0.1) - 2023/02/20 11:34:49
Table 'RushAndCash12774931' 6-max Seat #1 is the button
Seat 1: 5fbcb8f8 ($12.09 in chips)
Seat 2: 4c27045d ($12.55 in chips)
Seat 3: c8f39a8 ($7.52 in chips)
Seat 4: Hero ($13.57 in chips)
Seat 5: 1c0b6d73 ($15.94 in chips)
Seat 6: c713efb0 ($13.3 in chips)
4c27045d: posts small blind $0.05
c8f39a8: posts big blind $0.1
*** HOLE CARDS ***
Dealt to 5fbcb8f8
Dealt to 4c27045d
Dealt to c8f39a8
Dealt to Hero [2d 6h]
Dealt to 1c0b6d73
Dealt to c713efb0
Hero: folds
1c0b6d73: folds
c713efb0: folds
5fbcb8f8: raises $0.1 to $0.2
4c27045d: folds
c8f39a8: calls $0.1
*** FLOP *** [Ad Ks Tc]
c8f39a8: checks
5fbcb8f8: bets $0.23
c8f39a8: folds
Uncalled bet ($0.23) returned to 5fbcb8f8
*** SHOWDOWN ***
5fbcb8f8 collected $0.43 from pot
*** SUMMARY ***
Total pot $0.45 | Rake $0.02 | Jackpot $0 | Bingo $0 | Fortune $0
Board [Ad Ks Tc]
Seat 1: 5fbcb8f8 (button) won ($0.43)
Seat 2: 4c27045d (small blind) folded before Flop
Seat 3: c8f39a8 (big blind) folded on the Flop
Seat 4: Hero folded before Flop (didn't bet)
Seat 5: 1c0b6d73 folded before Flop (didn't bet)
Seat 6: c713efb0 folded before Flop (didn't bet)


Poker Hand #RC1355579649: Hold'em No Limit  ($0.05/$0.1) - 2023/02/20 11:34:44
Table 'RushAndCash12774909' 6-max Seat #1 is the button
Seat 1: c00db676 ($10.12 in chips)
Seat 2: efba681d ($18.82 in chips)
Seat 3: 680d1575 ($12.21 in chips)
Seat 4: Hero ($13.57 in chips)
Seat 5: 406c4b52 ($19.81 in chips)
Seat 6: c713efb0 ($13.3 in chips)
efba681d: posts small blind $0.05
680d1575: posts big blind $0.1
*** HOLE CARDS ***
Dealt to c00db676
Dealt to efba681d
Dealt to 680d1575
Dealt to Hero [9h Qc]
Dealt to 406c4b52
Dealt to c713efb0
Hero: folds
406c4b52: folds
c713efb0: folds
c00db676: folds
efba681d: raises $0.15 to $0.25
680d1575: calls $0.15
*** FLOP *** [5h 2c 5c]
efba681d: checks
680d1575: checks
*** TURN *** [5h 2c 5c] [3h]
efba681d: checks
680d1575: checks
*** RIVER *** [5h 2c 5c 3h] [7h]
efba681d: bets $0.17
680d1575: folds
Uncalled bet ($0.17) returned to efba681d
*** SHOWDOWN ***
efba681d collected $0.48 from pot
*** SUMMARY ***
Total pot $0.5 | Rake $0.02 | Jackpot $0 | Bingo $0 | Fortune $0
Board [5h 2c 5c 3h 7h]
Seat 1: c00db676 (button) folded before Flop (didn't bet)
Seat 2: efba681d (small blind) won ($0.48)
Seat 3: 680d1575 (big blind) folded on the River
Seat 4: Hero folded before Flop (didn't bet)
Seat 5: 406c4b52 folded before Flop (didn't bet)
Seat 6: c713efb0 folded before Flop (didn't bet)


Poker Hand #RC1355579619: Hold'em No Limit  ($0.05/$0.1) - 2023/02/20 11:34:38
Table 'RushAndCash12774879' 6-max Seat #1 is the button
Seat 1: cde9ae7f ($10 in chips)
Seat 2: 75e46f84 ($16.33 in chips)
Seat 3: 2494aba4 ($10.15 in chips)
Seat 4: 7461a20c ($10.96 in chips)
Seat 5: 3f7b311d ($20.88 in chips)
Seat 6: Hero ($13.57 in chips)
75e46f84: posts small blind $0.05
2494aba4: posts big blind $0.1
*** HOLE CARDS ***
Dealt to cde9ae7f
Dealt to 75e46f84
Dealt to 2494aba4
Dealt to 7461a20c
Dealt to 3f7b311d
Dealt to Hero [4h Jh]
7461a20c: folds
3f7b311d: folds
Hero: folds
cde9ae7f: folds
75e46f84: folds
Uncalled bet ($0.05) returned to 2494aba4
*** SHOWDOWN ***
2494aba4 collected $0.1 from pot
*** SUMMARY ***
Total pot $0.1 | Rake $0 | Jackpot $0 | Bingo $0 | Fortune $0
Seat 1: cde9ae7f (button) folded before Flop (didn't bet)
Seat 2: 75e46f84 (small blind) folded before Flop
Seat 3: 2494aba4 (big blind) collected ($0.1)
Seat 4: 7461a20c folded before Flop (didn't bet)
Seat 5: 3f7b311d folded before Flop (didn't bet)
Seat 6: Hero folded before Flop (didn't bet)


Poker Hand #RC1355579596: Hold'em No Limit  ($0.05/$0.1) - 2023/02/20 11:34:33
Table 'RushAndCash12774856' 6-max Seat #1 is the button
Seat 1: 3f7b311d ($20.88 in chips)
Seat 2: b9ba8bde ($32.29 in chips)
Seat 3: 2ee46f77 ($3.15 in chips)
Seat 4: 49508265 ($12.36 in chips)
Seat 5: 552295f2 ($12.06 in chips)
Seat 6: Hero ($13.57 in chips)
b9ba8bde: posts small blind $0.05
2ee46f77: posts big blind $0.1
*** HOLE CARDS ***
Dealt to 3f7b311d
Dealt to b9ba8bde
Dealt to 2ee46f77
Dealt to 49508265
Dealt to 552295f2
Dealt to Hero [Jh 4c]
49508265: folds
552295f2: raises $0.15 to $0.25
Hero: folds
3f7b311d: folds
b9ba8bde: folds
2ee46f77: raises $2.9 to $3.15 and is all-in
552295f2: folds
Uncalled bet ($2.9) returned to 2ee46f77
*** SHOWDOWN ***
2ee46f77 collected $0.52 from pot
*** SUMMARY ***
Total pot $0.55 | Rake $0.03 | Jackpot $0 | Bingo $0 | Fortune $0
Seat 1: 3f7b311d (button) folded before Flop (didn't bet)
Seat 2: b9ba8bde (small blind) folded before Flop
Seat 3: 2ee46f77 (big blind) collected ($0.52)
Seat 4: 49508265 folded before Flop (didn't bet)
Seat 5: 552295f2 folded before Flop
Seat 6: Hero folded before Flop (didn't bet)


Poker Hand #RC1355579556: Hold'em No Limit  ($0.05/$0.1) - 2023/02/20 11:34:26
Table 'RushAndCash12774816' 6-max Seat #1 is the button
Seat 1: c7c596d4 ($10 in chips)
Seat 2: 9855f944 ($12.43 in chips)
Seat 3: Hero ($13.52 in chips)
Seat 4: 92c285ba ($10.15 in chips)
Seat 5: 9a6fc320 ($12.82 in chips)
Seat 6: 817010ae ($9.76 in chips)
9855f944: posts small blind $0.05
Hero: posts big blind $0.1
*** HOLE CARDS ***
Dealt to c7c596d4
Dealt to 9855f944
Dealt to Hero [Ks 4s]
Dealt to 92c285ba
Dealt to 9a6fc320
Dealt to 817010ae
92c285ba: folds
9a6fc320: folds
817010ae: folds
c7c596d4: folds
9855f944: folds
Uncalled bet ($0.05) returned to Hero
*** SHOWDOWN ***
Hero collected $0.1 from pot
*** SUMMARY ***
Total pot $0.1 | Rake $0 | Jackpot $0 | Bingo $0 | Fortune $0
Seat 1: c7c596d4 (button) folded before Flop (didn't bet)
Seat 2: 9855f944 (small blind) folded before Flop
Seat 3: Hero (big blind) collected ($0.1)
Seat 4: 92c285ba folded before Flop (didn't bet)
Seat 5: 9a6fc320 folded before Flop (didn't bet)
Seat 6: 817010ae folded before Flop (didn't bet)


Poker Hand #RC1355579516: Hold'em No Limit  ($0.05/$0.1) - 2023/02/20 11:34:17
Table 'RushAndCash12774776' 6-max Seat #1 is the button
Seat 1: Hero ($13.52 in chips)
Seat 2: cde9ae7f ($10.15 in chips)
Seat 3: 3e57b2f3 ($12.94 in chips)
Seat 4: 9855f944 ($12.43 in chips)
Seat 5: 2300777e ($32.54 in chips)
Seat 6: a1f81c93 ($10.29 in chips)
cde9ae7f: posts small blind $0.05
3e57b2f3: posts big blind $0.1
*** HOLE CARDS ***
Dealt to Hero [5h 9c]
Dealt to cde9ae7f
Dealt to 3e57b2f3
Dealt to 9855f944
Dealt to 2300777e
Dealt to a1f81c93
9855f944: folds
2300777e: raises $0.15 to $0.25
a1f81c93: folds
Hero: folds
cde9ae7f: folds
3e57b2f3: calls $0.15
*** FLOP *** [2c 9h 7d]
3e57b2f3: checks
2300777e: checks
*** TURN *** [2c 9h 7d] [Ad]
3e57b2f3: bets $0.19
2300777e: calls $0.19
*** RIVER *** [2c 9h 7d Ad] [7c]
3e57b2f3: bets $0.6
2300777e: calls $0.6
3e57b2f3: shows [Ah Qs] (Pair of Aces and Pair of Sevens)
2300777e: shows [Td Ac] (Pair of Aces and Pair of Sevens)
*** SHOWDOWN ***
3e57b2f3 collected $2.03 from pot
*** SUMMARY ***
Total pot $2.13 | Rake $0.1 | Jackpot $0 | Bingo $0 | Fortune $0
Board [2c 9h 7d Ad 7c]
Seat 1: Hero (button) folded before Flop (didn't bet)
Seat 2: cde9ae7f (small blind) folded before Flop
Seat 3: 3e57b2f3 (big blind) showed [Ah Qs] and won ($2.03) with Pair of Aces and Pair of Sevens
Seat 4: 9855f944 folded before Flop (didn't bet)
Seat 5: 2300777e showed [Td Ac] and lost with Pair of Aces and Pair of Sevens
Seat 6: a1f81c93 folded before Flop (didn't bet)


Poker Hand #RC1355579450: Hold'em No Limit  ($0.05/$0.1) - 2023/02/20 11:34:04
Table 'RushAndCash12774710' 6-max Seat #1 is the button
Seat 1: 9a6fc320 ($12.87 in chips)
Seat 2: Hero ($13.57 in chips)
Seat 3: 682d6d30 ($10.78 in chips)
Seat 4: 18148c0e ($48.04 in chips)
Seat 5: 5e903b16 ($12.54 in chips)
Seat 6: a1f81c93 ($10.29 in chips)
Hero: posts small blind $0.05
682d6d30: posts big blind $0.1
*** HOLE CARDS ***
Dealt to 9a6fc320
Dealt to Hero [Ah 8h]
Dealt to 682d6d30
Dealt to 18148c0e
Dealt to 5e903b16
Dealt to a1f81c93
18148c0e: folds
5e903b16: raises $0.2 to $0.3
a1f81c93: folds
9a6fc320: folds
Hero: folds
682d6d30: folds
Uncalled bet ($0.2) returned to 5e903b16
*** SHOWDOWN ***
5e903b16 collected $0.25 from pot
*** SUMMARY ***
Total pot $0.25 | Rake $0 | Jackpot $0 | Bingo $0 | Fortune $0
Seat 1: 9a6fc320 (button) folded before Flop (didn't bet)
Seat 2: Hero (small blind) folded before Flop
Seat 3: 682d6d30 (big blind) folded before Flop
Seat 4: 18148c0e folded before Flop (didn't bet)
Seat 5: 5e903b16 collected ($0.25)
Seat 6: a1f81c93 folded before Flop (didn't bet)


Poker Hand #RC1355579429: Hold'em No Limit  ($0.05/$0.1) - 2023/02/20 11:33:58
Table 'RushAndCash12774689' 6-max Seat #1 is the button
Seat 1: aef60f8c ($9.85 in chips)
Seat 2: 4bb3d887 ($17.19 in chips)
Seat 3: 2f31f45a ($10 in chips)
Seat 4: 6a09f7ba ($11.81 in chips)
Seat 5: Hero ($13.57 in chips)
Seat 6: 3d2a7e5e ($10.78 in chips)
4bb3d887: posts small blind $0.05
2f31f45a: posts big blind $0.1
*** HOLE CARDS ***
Dealt to aef60f8c
Dealt to 4bb3d887
Dealt to 2f31f45a
Dealt to 6a09f7ba
Dealt to Hero [9d 7s]
Dealt to 3d2a7e5e
6a09f7ba: folds
Hero: folds
3d2a7e5e: folds
aef60f8c: raises $0.15 to $0.25
4bb3d887: folds
2f31f45a: calls $0.15
*** FLOP *** [3h 6s Qd]
2f31f45a: checks
aef60f8c: checks
*** TURN *** [3h 6s Qd] [4s]
2f31f45a: checks
aef60f8c: checks
*** RIVER *** [3h 6s Qd 4s] [Jc]
2f31f45a: checks
aef60f8c: checks
2f31f45a: shows [As 7d] (Ace-High)
aef60f8c: shows [9c 7c] (Queen-High)
*** SHOWDOWN ***
2f31f45a collected $0.53 from pot
*** SUMMARY ***
Total pot $0.55 | Rake $0.02 | Jackpot $0 | Bingo $0 | Fortune $0
Board [3h 6s Qd 4s Jc]
Seat 1: aef60f8c (button) showed [9c 7c] and lost with Queen-High
Seat 2: 4bb3d887 (small blind) folded before Flop
Seat 3: 2f31f45a (big blind) showed [As 7d] and won ($0.53) with Ace-High
Seat 4: 6a09f7ba folded before Flop (didn't bet)
Seat 5: Hero folded before Flop (didn't bet)
Seat 6: 3d2a7e5e folded before Flop (didn't bet)


Poker Hand #RC1355579412: Hold'em No Limit  ($0.05/$0.1) - 2023/02/20 11:33:54
Table 'RushAndCash12774672' 6-max Seat #1 is the button
Seat 1: Hero ($13.57 in chips)
Seat 2: b0c2a642 ($10.18 in chips)
Seat 3: 65306dfa ($10 in chips)
Seat 4: 7fcdac06 ($31.59 in chips)
Seat 5: fdc58edc ($10.18 in chips)
Seat 6: 2f31f45a ($10 in chips)
b0c2a642: posts small blind $0.05
65306dfa: posts big blind $0.1
*** HOLE CARDS ***
Dealt to Hero [4d Qs]
Dealt to b0c2a642
Dealt to 65306dfa
Dealt to 7fcdac06
Dealt to fdc58edc
Dealt to 2f31f45a
7fcdac06: raises $0.15 to $0.25
fdc58edc: raises $0.5 to $0.75
2f31f45a: folds
Hero: folds
b0c2a642: folds
65306dfa: folds
7fcdac06: folds
Uncalled bet ($0.5) returned to fdc58edc
*** SHOWDOWN ***
fdc58edc collected $0.62 from pot
*** SUMMARY ***
Total pot $0.65 | Rake $0.03 | Jackpot $0 | Bingo $0 | Fortune $0
Seat 1: Hero (button) folded before Flop (didn't bet)
Seat 2: b0c2a642 (small blind) folded before Flop
Seat 3: 65306dfa (big blind) folded before Flop
Seat 4: 7fcdac06 folded before Flop
Seat 5: fdc58edc collected ($0.62)
Seat 6: 2f31f45a folded before Flop (didn't bet)


Poker Hand #RC1355579373: Hold'em No Limit  ($0.05/$0.1) - 2023/02/20 11:33:44
Table 'RushAndCash12774633' 6-max Seat #1 is the button
Seat 1: c760726f ($10 in chips)
Seat 2: Hero ($13.62 in chips)
Seat 3: 5e8e9bf8 ($10.15 in chips)
Seat 4: c13f9576 ($16.23 in chips)
Seat 5: aef60f8c ($9.7 in chips)
Seat 6: ca9aca88 ($11.33 in chips)
Hero: posts small blind $0.05
5e8e9bf8: posts big blind $0.1
*** HOLE CARDS ***
Dealt to c760726f
Dealt to Hero [Kc 7d]
Dealt to 5e8e9bf8
Dealt to c13f9576
Dealt to aef60f8c
Dealt to ca9aca88
c13f9576: folds
aef60f8c: raises $0.2 to $0.3
ca9aca88: folds
c760726f: folds
Hero: folds
5e8e9bf8: folds
Uncalled bet ($0.2) returned to aef60f8c
*** SHOWDOWN ***
aef60f8c collected $0.25 from pot
*** SUMMARY ***
Total pot $0.25 | Rake $0 | Jackpot $0 | Bingo $0 | Fortune $0
Seat 1: c760726f (button) folded before Flop (didn't bet)
Seat 2: Hero (small blind) folded before Flop
Seat 3: 5e8e9bf8 (big blind) folded before Flop
Seat 4: c13f9576 folded before Flop (didn't bet)
Seat 5: aef60f8c collected ($0.25)
Seat 6: ca9aca88 folded before Flop (didn't bet)


Poker Hand #RC1355579334: Hold'em No Limit  ($0.05/$0.1) - 2023/02/20 11:33:35
Table 'RushAndCash12774594' 6-max Seat #1 is the button
Seat 1: 2fc1bd6d ($12.68 in chips)
Seat 2: b0c2a642 ($10.23 in chips)
Seat 3: df5e9134 ($6.78 in chips)
Seat 4: e5c5b52c ($8.83 in chips)
Seat 5: Hero ($13.62 in chips)
Seat 6: 1f0a25e3 ($11.7 in chips)
b0c2a642: posts small blind $0.05
df5e9134: posts big blind $0.1
*** HOLE CARDS ***
Dealt to 2fc1bd6d
Dealt to b0c2a642
Dealt to df5e9134
Dealt to e5c5b52c
Dealt to Hero [9d Qh]
Dealt to 1f0a25e3
e5c5b52c: folds
Hero: folds
1f0a25e3: raises $0.15 to $0.25
2fc1bd6d: folds
b0c2a642: folds
df5e9134: calls $0.15
*** FLOP *** [Kc 9h 5d]
df5e9134: checks
1f0a25e3: bets $0.19
df5e9134: raises $0.61 to $0.8
1f0a25e3: folds
Uncalled bet ($0.61) returned to df5e9134
df5e9134: shows [Kh]
*** SHOWDOWN ***
df5e9134 collected $0.89 from pot
*** SUMMARY ***
Total pot $0.93 | Rake $0.04 | Jackpot $0 | Bingo $0 | Fortune $0
Board [Kc 9h 5d]
Seat 1: 2fc1bd6d (button) folded before Flop (didn't bet)
Seat 2: b0c2a642 (small blind) folded before Flop
Seat 3: df5e9134 (big blind) showed [Tc Kh] and won ($0.89) with Pair of Kings
Seat 4: e5c5b52c folded before Flop (didn't bet)
Seat 5: Hero folded before Flop (didn't bet)
Seat 6: 1f0a25e3 folded on the Flop


Poker Hand #RC1355579289: Hold'em No Limit  ($0.05/$0.1) - 2023/02/20 11:33:26
Table 'RushAndCash12774549' 6-max Seat #1 is the button
Seat 1: 5a8033a2 ($11.68 in chips)
Seat 2: a02d87be ($10.05 in chips)
Seat 3: Hero ($13.72 in chips)
Seat 4: d5108d4c ($11.25 in chips)
Seat 5: 7ba1208f ($19.45 in chips)
Seat 6: 6bd53d63 ($10 in chips)
a02d87be: posts small blind $0.05
Hero: posts big blind $0.1
*** HOLE CARDS ***
Dealt to 5a8033a2
Dealt to a02d87be
Dealt to Hero [Ts 6c]
Dealt to d5108d4c
Dealt to 7ba1208f
Dealt to 6bd53d63
d5108d4c: folds
7ba1208f: raises $0.15 to $0.25
6bd53d63: folds
5a8033a2: folds
a02d87be: raises $0.45 to $0.7
Hero: folds
7ba1208f: folds
Uncalled bet ($0.45) returned to a02d87be
*** SHOWDOWN ***
a02d87be collected $0.57 from pot
*** SUMMARY ***
Total pot $0.6 | Rake $0.03 | Jackpot $0 | Bingo $0 | Fortune $0
Seat 1: 5a8033a2 (button) folded before Flop (didn't bet)
Seat 2: a02d87be (small blind) collected ($0.57)
Seat 3: Hero (big blind) folded before Flop
Seat 4: d5108d4c folded before Flop (didn't bet)
Seat 5: 7ba1208f folded before Flop
Seat 6: 6bd53d63 folded before Flop (didn't bet)


Poker Hand #RC1355579251: Hold'em No Limit  ($0.05/$0.1) - 2023/02/20 11:33:18
Table 'RushAndCash12774511' 6-max Seat #1 is the button
Seat 1: 69ef0707 ($11.68 in chips)
Seat 2: bd9dfa1e ($10 in chips)
Seat 3: b14290e3 ($10 in chips)
Seat 4: fe1da6ca ($11.37 in chips)
Seat 5: Hero ($13.72 in chips)
Seat 6: 7312c6fb ($11.39 in chips)
bd9dfa1e: posts small blind $0.05
b14290e3: posts big blind $0.1
*** HOLE CARDS ***
Dealt to 69ef0707
Dealt to bd9dfa1e
Dealt to b14290e3
Dealt to fe1da6ca
Dealt to Hero [8h Tc]
Dealt to 7312c6fb
fe1da6ca: folds
Hero: folds
7312c6fb: folds
69ef0707: folds
bd9dfa1e: folds
Uncalled bet ($0.05) returned to b14290e3
*** SHOWDOWN ***
b14290e3 collected $0.1 from pot
*** SUMMARY ***
Total pot $0.1 | Rake $0 | Jackpot $0 | Bingo $0 | Fortune $0
Seat 1: 69ef0707 (button) folded before Flop (didn't bet)
Seat 2: bd9dfa1e (small blind) folded before Flop
Seat 3: b14290e3 (big blind) collected ($0.1)
Seat 4: fe1da6ca folded before Flop (didn't bet)
Seat 5: Hero folded before Flop (didn't bet)
Seat 6: 7312c6fb folded before Flop (didn't bet)


Poker Hand #RC1355579178: Hold'em No Limit  ($0.05/$0.1) - 2023/02/20 11:33:03
Table 'RushAndCash12774438' 6-max Seat #1 is the button
Seat 1: 7f306d0 ($14.26 in chips)
Seat 2: aa5d436d ($10.64 in chips)
Seat 3: e3d8fe88 ($22.7 in chips)
Seat 4: Hero ($13.72 in chips)
Seat 5: 2e142640 ($12.2 in chips)
Seat 6: a2d92c46 ($10.56 in chips)
aa5d436d: posts small blind $0.05
e3d8fe88: posts big blind $0.1
*** HOLE CARDS ***
Dealt to 7f306d0
Dealt to aa5d436d
Dealt to e3d8fe88
Dealt to Hero [5s 2c]
Dealt to 2e142640
Dealt to a2d92c46
Hero: folds
2e142640: folds
a2d92c46: folds
7f306d0: raises $0.15 to $0.25
aa5d436d: folds
e3d8fe88: folds
Uncalled bet ($0.15) returned to 7f306d0
*** SHOWDOWN ***
7f306d0 collected $0.25 from pot
*** SUMMARY ***
Total pot $0.25 | Rake $0 | Jackpot $0 | Bingo $0 | Fortune $0
Seat 1: 7f306d0 (button) collected ($0.25)
Seat 2: aa5d436d (small blind) folded before Flop
Seat 3: e3d8fe88 (big blind) folded before Flop
Seat 4: Hero folded before Flop (didn't bet)
Seat 5: 2e142640 folded before Flop (didn't bet)
Seat 6: a2d92c46 folded before Flop (didn't bet)


Poker Hand #RC1355579157: Hold'em No Limit  ($0.05/$0.1) - 2023/02/20 11:32:58
Table 'RushAndCash12774417' 6-max Seat #1 is the button
Seat 1: 359671e3 ($53.73 in chips)
Seat 2: e9fd67fc ($20.93 in chips)
Seat 3: c9629adb ($10.84 in chips)
Seat 4: Hero ($13.72 in chips)
Seat 5: f5b1a8c0 ($10.37 in chips)
Seat 6: ec94412a ($11.37 in chips)
e9fd67fc: posts small blind $0.05
c9629adb: posts big blind $0.1
*** HOLE CARDS ***
Dealt to 359671e3
Dealt to e9fd67fc
Dealt to c9629adb
Dealt to Hero [Qh 5d]
Dealt to f5b1a8c0
Dealt to ec94412a
Hero: folds
f5b1a8c0: folds
ec94412a: folds
359671e3: raises $0.12 to $0.22
e9fd67fc: folds
c9629adb: folds
Uncalled bet ($0.12) returned to 359671e3
*** SHOWDOWN ***
359671e3 collected $0.25 from pot
*** SUMMARY ***
Total pot $0.25 | Rake $0 | Jackpot $0 | Bingo $0 | Fortune $0
Seat 1: 359671e3 (button) collected ($0.25)
Seat 2: e9fd67fc (small blind) folded before Flop
Seat 3: c9629adb (big blind) folded before Flop
Seat 4: Hero folded before Flop (didn't bet)
Seat 5: f5b1a8c0 folded before Flop (didn't bet)
Seat 6: ec94412a folded before Flop (didn't bet)


Poker Hand #RC1355579020: Hold'em No Limit  ($0.05/$0.1) - 2023/02/20 11:32:26
Table 'RushAndCash12774280' 6-max Seat #1 is the button
Seat 1: 66d69d47 ($15.46 in chips)
Seat 2: 5fd3e547 ($30.07 in chips)
Seat 3: 4c21bc60 ($14.04 in chips)
Seat 4: Hero ($13.97 in chips)
Seat 5: f5b1a8c0 ($10 in chips)
Seat 6: 76f16531 ($12.76 in chips)
5fd3e547: posts small blind $0.05
4c21bc60: posts big blind $0.1
*** HOLE CARDS ***
Dealt to 66d69d47
Dealt to 5fd3e547
Dealt to 4c21bc60
Dealt to Hero [Jc Kc]
Dealt to f5b1a8c0
Dealt to 76f16531
Hero: raises $0.15 to $0.25
f5b1a8c0: raises $0.49 to $0.74
76f16531: folds
66d69d47: folds
5fd3e547: folds
4c21bc60: folds
Hero: folds
Uncalled bet ($0.49) returned to f5b1a8c0
*** SHOWDOWN ***
f5b1a8c0 collected $0.62 from pot
*** SUMMARY ***
Total pot $0.65 | Rake $0.03 | Jackpot $0 | Bingo $0 | Fortune $0
Seat 1: 66d69d47 (button) folded before Flop (didn't bet)
Seat 2: 5fd3e547 (small blind) folded before Flop
Seat 3: 4c21bc60 (big blind) folded before Flop
Seat 4: Hero folded before Flop
Seat 5: f5b1a8c0 collected ($0.62)
Seat 6: 76f16531 folded before Flop (didn't bet)


Poker Hand #RC1355578948: Hold'em No Limit  ($0.05/$0.1) - 2023/02/20 11:32:11
Table 'RushAndCash12774208' 6-max Seat #1 is the button
Seat 1: Hero ($13.82 in chips)
Seat 2: 625da9e3 ($10.62 in chips)
Seat 3: 2a4f8ad ($10 in chips)
Seat 4: 486bf091 ($9.34 in chips)
Seat 5: 865f8821 ($12.44 in chips)
Seat 6: 61a5f9b0 ($10 in chips)
625da9e3: posts small blind $0.05
2a4f8ad: posts big blind $0.1
*** HOLE CARDS ***
Dealt to Hero [2h 2s]
Dealt to 625da9e3
Dealt to 2a4f8ad
Dealt to 486bf091
Dealt to 865f8821
Dealt to 61a5f9b0
486bf091: folds
865f8821: folds
61a5f9b0: folds
Hero: raises $0.15 to $0.25
625da9e3: folds
2a4f8ad: folds
Uncalled bet ($0.15) returned to Hero
*** SHOWDOWN ***
Hero collected $0.25 from pot
*** SUMMARY ***
Total pot $0.25 | Rake $0 | Jackpot $0 | Bingo $0 | Fortune $0
Seat 1: Hero (button) collected ($0.25)
Seat 2: 625da9e3 (small blind) folded before Flop
Seat 3: 2a4f8ad (big blind) folded before Flop
Seat 4: 486bf091 folded before Flop (didn't bet)
Seat 5: 865f8821 folded before Flop (didn't bet)
Seat 6: 61a5f9b0 folded before Flop (didn't bet)


Poker Hand #RC1355578916: Hold'em No Limit  ($0.05/$0.1) - 2023/02/20 11:32:05
Table 'RushAndCash12774176' 6-max Seat #1 is the button
Seat 1: 2a0d7f00 ($4.74 in chips)
Seat 2: 98297d79 ($12.48 in chips)
Seat 3: ec6da9c2 ($23.76 in chips)
Seat 4: Hero ($13.82 in chips)
Seat 5: 57060f78 ($14.7 in chips)
Seat 6: 919f3152 ($7.79 in chips)
98297d79: posts small blind $0.05
ec6da9c2: posts big blind $0.1
*** HOLE CARDS ***
Dealt to 2a0d7f00
Dealt to 98297d79
Dealt to ec6da9c2
Dealt to Hero [Jd 8d]
Dealt to 57060f78
Dealt to 919f3152
Hero: folds
57060f78: folds
919f3152: folds
2a0d7f00: raises $0.1 to $0.2
98297d79: folds
ec6da9c2: calls $0.1
*** FLOP *** [3d 9h 7c]
ec6da9c2: checks
2a0d7f00: bets $0.36
ec6da9c2: calls $0.36
*** TURN *** [3d 9h 7c] [5h]
ec6da9c2: checks
2a0d7f00: bets $0.94
ec6da9c2: calls $0.94
*** RIVER *** [3d 9h 7c 5h] [7s]
ec6da9c2: checks
2a0d7f00: checks
ec6da9c2: shows [6d 5d] (Pair of Sevens and Pair of Fives)
2a0d7f00: shows [3h 9d] (Pair of Nines and Pair of Sevens)
*** SHOWDOWN ***
2a0d7f00 collected $2.76 from pot
*** SUMMARY ***
Total pot $3.05 | Rake $0.14 | Jackpot $0.15 | Bingo $0 | Fortune $0
Board [3d 9h 7c 5h 7s]
Seat 1: 2a0d7f00 (button) showed [3h 9d] and won ($2.76) with Pair of Nines and Pair of Sevens
Seat 2: 98297d79 (small blind) folded before Flop
Seat 3: ec6da9c2 (big blind) showed [6d 5d] and lost with Pair of Sevens and Pair of Fives
Seat 4: Hero folded before Flop (didn't bet)
Seat 5: 57060f78 folded before Flop (didn't bet)
Seat 6: 919f3152 folded before Flop (didn't bet)


Poker Hand #RC1355578808: Hold'em No Limit  ($0.05/$0.1) - 2023/02/20 11:31:40
Table 'RushAndCash12774068' 6-max Seat #1 is the button
Seat 1: 81324c38 ($10 in chips)
Seat 2: c4031e2c ($5.24 in chips)
Seat 3: Hero ($13.92 in chips)
Seat 4: f541e1f7 ($14.46 in chips)
Seat 5: 2f38a5ae ($31.87 in chips)
Seat 6: a9856b7b ($10.82 in chips)
c4031e2c: posts small blind $0.05
Hero: posts big blind $0.1
*** HOLE CARDS ***
Dealt to 81324c38
Dealt to c4031e2c
Dealt to Hero [2c Tc]
Dealt to f541e1f7
Dealt to 2f38a5ae
Dealt to a9856b7b
f541e1f7: folds
2f38a5ae: folds
a9856b7b: folds
81324c38: raises $0.2 to $0.3
c4031e2c: folds
Hero: folds
Uncalled bet ($0.2) returned to 81324c38
*** SHOWDOWN ***
81324c38 collected $0.25 from pot
*** SUMMARY ***
Total pot $0.25 | Rake $0 | Jackpot $0 | Bingo $0 | Fortune $0
Seat 1: 81324c38 (button) collected ($0.25)
Seat 2: c4031e2c (small blind) folded before Flop
Seat 3: Hero (big blind) folded before Flop
Seat 4: f541e1f7 folded before Flop (didn't bet)
Seat 5: 2f38a5ae folded before Flop (didn't bet)
Seat 6: a9856b7b folded before Flop (didn't bet)


Poker Hand #RC1355578574: Hold'em No Limit  ($0.05/$0.1) - 2023/02/20 11:30:47
Table 'RushAndCash12773834' 6-max Seat #1 is the button
Seat 1: 670a579e ($13.49 in chips)
Seat 2: 4a88aa73 ($7 in chips)
Seat 3: 7fcdac06 ($33.24 in chips)
Seat 4: b14290e3 ($10.62 in chips)
Seat 5: 80b27a99 ($16.22 in chips)
Seat 6: Hero ($13.92 in chips)
4a88aa73: posts small blind $0.05
7fcdac06: posts big blind $0.1
*** HOLE CARDS ***
Dealt to 670a579e
Dealt to 4a88aa73
Dealt to 7fcdac06
Dealt to b14290e3
Dealt to 80b27a99
Dealt to Hero [Qd 8d]
b14290e3: folds
80b27a99: folds
Hero: folds
670a579e: folds
4a88aa73: folds
Uncalled bet ($0.05) returned to 7fcdac06
*** SHOWDOWN ***
7fcdac06 collected $0.1 from pot
*** SUMMARY ***
Total pot $0.1 | Rake $0 | Jackpot $0 | Bingo $0 | Fortune $0
Seat 1: 670a579e (button) folded before Flop (didn't bet)
Seat 2: 4a88aa73 (small blind) folded before Flop
Seat 3: 7fcdac06 (big blind) collected ($0.1)
Seat 4: b14290e3 folded before Flop (didn't bet)
Seat 5: 80b27a99 folded before Flop (didn't bet)
Seat 6: Hero folded before Flop (didn't bet)


Poker Hand #RC1355578281: Hold'em No Limit  ($0.05/$0.1) - 2023/02/20 11:29:39
Table 'RushAndCash12773541' 6-max Seat #1 is the button
Seat 1: 7f306d0 ($11.74 in chips)
Seat 2: Hero ($11.36 in chips)
Seat 3: 4a88aa73 ($10 in chips)
Seat 4: da75eb74 ($6.34 in chips)
Seat 5: c6a21858 ($11.01 in chips)
Seat 6: b3042eba ($4.36 in chips)
Hero: posts small blind $0.05
4a88aa73: posts big blind $0.1
*** HOLE CARDS ***
Dealt to 7f306d0
Dealt to Hero [As Qc]
Dealt to 4a88aa73
Dealt to da75eb74
Dealt to c6a21858
Dealt to b3042eba
da75eb74: folds
c6a21858: folds
b3042eba: folds
7f306d0: folds
Hero: raises $0.2 to $0.3
4a88aa73: calls $0.2
*** FLOP *** [2d Ah Qh]
Hero: bets $0.3
4a88aa73: calls $0.3
*** TURN *** [2d Ah Qh] [7d]
Hero: bets $0.9
4a88aa73: calls $0.9
*** RIVER *** [2d Ah Qh 7d] [Jc]
Hero: bets $1.5
4a88aa73: calls $1.5
Hero: shows [As Qc] (Pair of Aces and Pair of Queens)
4a88aa73: shows [Ad 6c] (Pair of Aces)
*** SHOWDOWN ***
Hero collected $5.56 from pot
*** SUMMARY ***
Total pot $6 | Rake $0.29 | Jackpot $0.15 | Bingo $0 | Fortune $0
Board [2d Ah Qh 7d Jc]
Seat 1: 7f306d0 (button) folded before Flop (didn't bet)
Seat 2: Hero (small blind) showed [As Qc] and won ($5.56) with Pair of Aces and Pair of Queens
Seat 3: 4a88aa73 (big blind) showed [Ad 6c] and lost with Pair of Aces
Seat 4: da75eb74 folded before Flop (didn't bet)
Seat 5: c6a21858 folded before Flop (didn't bet)
Seat 6: b3042eba folded before Flop (didn't bet)


Poker Hand #RC1355577649: Hold'em No Limit  ($0.05/$0.1) - 2023/02/20 11:27:16
Table 'RushAndCash12772909' 6-max Seat #1 is the button
Seat 1: 2f260540 ($10 in chips)
Seat 2: cf70c89d ($10 in chips)
Seat 3: ea1b9741 ($20.89 in chips)
Seat 4: 64de8da ($11.83 in chips)
Seat 5: Hero ($11.36 in chips)
Seat 6: 1d1067c2 ($9.18 in chips)
cf70c89d: posts small blind $0.05
ea1b9741: posts big blind $0.1
*** HOLE CARDS ***
Dealt to 2f260540
Dealt to cf70c89d
Dealt to ea1b9741
Dealt to 64de8da
Dealt to Hero [8s 3d]
Dealt to 1d1067c2
64de8da: folds
Hero: folds
1d1067c2: folds
2f260540: folds
cf70c89d: raises $0.1 to $0.2
ea1b9741: raises $0.5 to $0.7
cf70c89d: folds
Uncalled bet ($0.5) returned to ea1b9741
*** SHOWDOWN ***
ea1b9741 collected $0.38 from pot
*** SUMMARY ***
Total pot $0.4 | Rake $0.02 | Jackpot $0 | Bingo $0 | Fortune $0
Seat 1: 2f260540 (button) folded before Flop (didn't bet)
Seat 2: cf70c89d (small blind) folded before Flop
Seat 3: ea1b9741 (big blind) collected ($0.38)
Seat 4: 64de8da folded before Flop (didn't bet)
Seat 5: Hero folded before Flop (didn't bet)
Seat 6: 1d1067c2 folded before Flop (didn't bet)


Poker Hand #RC1355577615: Hold'em No Limit  ($0.05/$0.1) - 2023/02/20 11:27:08
Table 'RushAndCash12772875' 6-max Seat #1 is the button
Seat 1: 2979e259 ($9.26 in chips)
Seat 2: d5108d4c ($11.89 in chips)
Seat 3: Hero ($11.46 in chips)
Seat 4: cde9ae7f ($10.56 in chips)
Seat 5: dc9819cc ($9.85 in chips)
Seat 6: 359671e3 ($55.74 in chips)
d5108d4c: posts small blind $0.05
Hero: posts big blind $0.1
*** HOLE CARDS ***
Dealt to 2979e259
Dealt to d5108d4c
Dealt to Hero [Th 8d]
Dealt to cde9ae7f
Dealt to dc9819cc
Dealt to 359671e3
cde9ae7f: folds
dc9819cc: raises $0.15 to $0.25
359671e3: folds
2979e259: folds
d5108d4c: folds
Hero: folds
Uncalled bet ($0.15) returned to dc9819cc
*** SHOWDOWN ***
dc9819cc collected $0.25 from pot
*** SUMMARY ***
Total pot $0.25 | Rake $0 | Jackpot $0 | Bingo $0 | Fortune $0
Seat 1: 2979e259 (button) folded before Flop (didn't bet)
Seat 2: d5108d4c (small blind) folded before Flop
Seat 3: Hero (big blind) folded before Flop
Seat 4: cde9ae7f folded before Flop (didn't bet)
Seat 5: dc9819cc collected ($0.25)
Seat 6: 359671e3 folded before Flop (didn't bet)


Poker Hand #RC1355577563: Hold'em No Limit  ($0.05/$0.1) - 2023/02/20 11:26:56
Table 'RushAndCash12772823' 6-max Seat #1 is the button
Seat 1: 1013c7e6 ($10.33 in chips)
Seat 2: Hero ($11.51 in chips)
Seat 3: d52e55e7 ($11.46 in chips)
Seat 4: b469eaa3 ($10.08 in chips)
Seat 5: 84193678 ($10.47 in chips)
Seat 6: b14290e3 ($10 in chips)
Hero: posts small blind $0.05
d52e55e7: posts big blind $0.1
*** HOLE CARDS ***
Dealt to 1013c7e6
Dealt to Hero [4h 5s]
Dealt to d52e55e7
Dealt to b469eaa3
Dealt to 84193678
Dealt to b14290e3
b469eaa3: folds
84193678: folds
b14290e3: raises $0.15 to $0.25
1013c7e6: folds
Hero: folds
d52e55e7: folds
Uncalled bet ($0.15) returned to b14290e3
*** SHOWDOWN ***
b14290e3 collected $0.25 from pot
*** SUMMARY ***
Total pot $0.25 | Rake $0 | Jackpot $0 | Bingo $0 | Fortune $0
Seat 1: 1013c7e6 (button) folded before Flop (didn't bet)
Seat 2: Hero (small blind) folded before Flop
Seat 3: d52e55e7 (big blind) folded before Flop
Seat 4: b469eaa3 folded before Flop (didn't bet)
Seat 5: 84193678 folded before Flop (didn't bet)
Seat 6: b14290e3 collected ($0.25)


Poker Hand #RC1355577493: Hold'em No Limit  ($0.05/$0.1) - 2023/02/20 11:26:40
Table 'RushAndCash12772753' 6-max Seat #1 is the button
Seat 1: Hero ($11.51 in chips)
Seat 2: dd182f6d ($10.5 in chips)
Seat 3: 71162434 ($11.18 in chips)
Seat 4: a36e6393 ($10 in chips)
Seat 5: 1985f388 ($12.22 in chips)
Seat 6: d52e55e7 ($11.46 in chips)
dd182f6d: posts small blind $0.05
71162434: posts big blind $0.1
*** HOLE CARDS ***
Dealt to Hero [Kc 7h]
Dealt to dd182f6d
Dealt to 71162434
Dealt to a36e6393
Dealt to 1985f388
Dealt to d52e55e7
a36e6393: folds
1985f388: folds
d52e55e7: folds
Hero: folds
dd182f6d: folds
Uncalled bet ($0.05) returned to 71162434
*** SHOWDOWN ***
71162434 collected $0.1 from pot
*** SUMMARY ***
Total pot $0.1 | Rake $0 | Jackpot $0 | Bingo $0 | Fortune $0
Seat 1: Hero (button) folded before Flop (didn't bet)
Seat 2: dd182f6d (small blind) folded before Flop
Seat 3: 71162434 (big blind) collected ($0.1)
Seat 4: a36e6393 folded before Flop (didn't bet)
Seat 5: 1985f388 folded before Flop (didn't bet)
Seat 6: d52e55e7 folded before Flop (didn't bet)


Poker Hand #RC1355577459: Hold'em No Limit  ($0.05/$0.1) - 2023/02/20 11:26:31
Table 'RushAndCash12772719' 6-max Seat #1 is the button
Seat 1: 4438a74d ($7.55 in chips)
Seat 2: 71162434 ($11.23 in chips)
Seat 3: b62f54fa ($10 in chips)
Seat 4: 314e50f6 ($10 in chips)
Seat 5: ab9f295a ($10.5 in chips)
Seat 6: Hero ($11.51 in chips)
71162434: posts small blind $0.05
b62f54fa: posts big blind $0.1
*** HOLE CARDS ***
Dealt to 4438a74d
Dealt to 71162434
Dealt to b62f54fa
Dealt to 314e50f6
Dealt to ab9f295a
Dealt to Hero [Jc 7c]
314e50f6: folds
ab9f295a: raises $0.15 to $0.25
Hero: folds
4438a74d: folds
71162434: folds
b62f54fa: folds
Uncalled bet ($0.15) returned to ab9f295a
*** SHOWDOWN ***
ab9f295a collected $0.25 from pot
*** SUMMARY ***
Total pot $0.25 | Rake $0 | Jackpot $0 | Bingo $0 | Fortune $0
Seat 1: 4438a74d (button) folded before Flop (didn't bet)
Seat 2: 71162434 (small blind) folded before Flop
Seat 3: b62f54fa (big blind) folded before Flop
Seat 4: 314e50f6 folded before Flop (didn't bet)
Seat 5: ab9f295a collected ($0.25)
Seat 6: Hero folded before Flop (didn't bet)


Poker Hand #RC1355577434: Hold'em No Limit  ($0.05/$0.1) - 2023/02/20 11:26:26
Table 'RushAndCash12772694' 6-max Seat #1 is the button
Seat 1: 9efa576a ($10.15 in chips)
Seat 2: b877f80b ($24.22 in chips)
Seat 3: a1f81c93 ($10.23 in chips)
Seat 4: Hero ($11.51 in chips)
Seat 5: 919f3152 ($9.27 in chips)
Seat 6: f31e06ee ($10 in chips)
b877f80b: posts small blind $0.05
a1f81c93: posts big blind $0.1
*** HOLE CARDS ***
Dealt to 9efa576a
Dealt to b877f80b
Dealt to a1f81c93
Dealt to Hero [6s 9d]
Dealt to 919f3152
Dealt to f31e06ee
Hero: folds
919f3152: raises $0.1 to $0.2
f31e06ee: folds
9efa576a: folds
b877f80b: folds
a1f81c93: folds
Uncalled bet ($0.1) returned to 919f3152
*** SHOWDOWN ***
919f3152 collected $0.25 from pot
*** SUMMARY ***
Total pot $0.25 | Rake $0 | Jackpot $0 | Bingo $0 | Fortune $0
Seat 1: 9efa576a (button) folded before Flop (didn't bet)
Seat 2: b877f80b (small blind) folded before Flop
Seat 3: a1f81c93 (big blind) folded before Flop
Seat 4: Hero folded before Flop (didn't bet)
Seat 5: 919f3152 collected ($0.25)
Seat 6: f31e06ee folded before Flop (didn't bet)


Poker Hand #RC1355577415: Hold'em No Limit  ($0.05/$0.1) - 2023/02/20 11:26:21
Table 'RushAndCash12772675' 6-max Seat #1 is the button
Seat 1: 79620228 ($10.4 in chips)
Seat 2: 9855f944 ($10.67 in chips)
Seat 3: 2cb52034 ($37.95 in chips)
Seat 4: f541e1f7 ($14.16 in chips)
Seat 5: 3d768226 ($12.64 in chips)
Seat 6: Hero ($11.51 in chips)
9855f944: posts small blind $0.05
2cb52034: posts big blind $0.1
*** HOLE CARDS ***
Dealt to 79620228
Dealt to 9855f944
Dealt to 2cb52034
Dealt to f541e1f7
Dealt to 3d768226
Dealt to Hero [Qs 7h]
f541e1f7: calls $0.1
3d768226: folds
Hero: folds
79620228: raises $0.29 to $0.39
9855f944: folds
2cb52034: calls $0.29
f541e1f7: calls $0.29
*** FLOP *** [4s Qd Tc]
2cb52034: checks
f541e1f7: checks
79620228: bets $0.41
2cb52034: calls $0.41
f541e1f7: folds
*** TURN *** [4s Qd Tc] [2c]
2cb52034: checks
79620228: bets $1.37
2cb52034: folds
Uncalled bet ($1.37) returned to 79620228
*** SHOWDOWN ***
79620228 collected $1.94 from pot
*** SUMMARY ***
Total pot $2.04 | Rake $0.1 | Jackpot $0 | Bingo $0 | Fortune $0
Board [4s Qd Tc 2c]
Seat 1: 79620228 (button) won ($1.94)
Seat 2: 9855f944 (small blind) folded before Flop
Seat 3: 2cb52034 (big blind) folded on the Turn
Seat 4: f541e1f7 folded on the Flop
Seat 5: 3d768226 folded before Flop (didn't bet)
Seat 6: Hero folded before Flop (didn't bet)


Poker Hand #RC1355577309: Hold'em No Limit  ($0.05/$0.1) - 2023/02/20 11:25:59
Table 'RushAndCash12772569' 6-max Seat #1 is the button
Seat 1: Hero ($11.76 in chips)
Seat 2: c7996aac ($15.69 in chips)
Seat 3: 43a1f2d0 ($22.95 in chips)
Seat 4: 9df24e0e ($8.04 in chips)
Seat 5: 386a8112 ($20.81 in chips)
Seat 6: 79620228 ($10.03 in chips)
c7996aac: posts small blind $0.05
43a1f2d0: posts big blind $0.1
*** HOLE CARDS ***
Dealt to Hero [5h Ah]
Dealt to c7996aac
Dealt to 43a1f2d0
Dealt to 9df24e0e
Dealt to 386a8112
Dealt to 79620228
9df24e0e: folds
386a8112: folds
79620228: raises $0.15 to $0.25
Hero: calls $0.25
c7996aac: folds
43a1f2d0: folds
*** FLOP *** [2d 7s 6s]
79620228: bets $0.44
Hero: folds
Uncalled bet ($0.44) returned to 79620228
*** SHOWDOWN ***
79620228 collected $0.62 from pot
*** SUMMARY ***
Total pot $0.65 | Rake $0.03 | Jackpot $0 | Bingo $0 | Fortune $0
Board [2d 7s 6s]
Seat 1: Hero (button) folded on the Flop
Seat 2: c7996aac (small blind) folded before Flop
Seat 3: 43a1f2d0 (big blind) folded before Flop
Seat 4: 9df24e0e folded before Flop (didn't bet)
Seat 5: 386a8112 folded before Flop (didn't bet)
Seat 6: 79620228 won ($0.62)


Poker Hand #RC1355576900: Hold'em No Limit  ($0.05/$0.1) - 2023/02/20 11:24:33
Table 'RushAndCash12772160' 6-max Seat #1 is the button
Seat 1: 52a8e9c6 ($12.05 in chips)
Seat 2: 81324c38 ($11.99 in chips)
Seat 3: Hero ($11.86 in chips)
Seat 4: 9f44b960 ($10 in chips)
Seat 5: bc5f9029 ($6.46 in chips)
Seat 6: 7a4a6309 ($18.16 in chips)
81324c38: posts small blind $0.05
Hero: posts big blind $0.1
*** HOLE CARDS ***
Dealt to 52a8e9c6
Dealt to 81324c38
Dealt to Hero [7c Kh]
Dealt to 9f44b960
Dealt to bc5f9029
Dealt to 7a4a6309
9f44b960: folds
bc5f9029: folds
7a4a6309: folds
52a8e9c6: raises $0.17 to $0.27
81324c38: folds
Hero: folds
Uncalled bet ($0.17) returned to 52a8e9c6
*** SHOWDOWN ***
52a8e9c6 collected $0.25 from pot
*** SUMMARY ***
Total pot $0.25 | Rake $0 | Jackpot $0 | Bingo $0 | Fortune $0
Seat 1: 52a8e9c6 (button) collected ($0.25)
Seat 2: 81324c38 (small blind) folded before Flop
Seat 3: Hero (big blind) folded before Flop
Seat 4: 9f44b960 folded before Flop (didn't bet)
Seat 5: bc5f9029 folded before Flop (didn't bet)
Seat 6: 7a4a6309 folded before Flop (didn't bet)


Poker Hand #RC1355576804: Hold'em No Limit  ($0.05/$0.1) - 2023/02/20 11:24:12
Table 'RushAndCash12772064' 6-max Seat #1 is the button
Seat 1: 1c2244c2 ($12.97 in chips)
Seat 2: Hero ($11.91 in chips)
Seat 3: ca61019 ($10 in chips)
Seat 4: 79620228 ($11.8 in chips)
Seat 5: fa75889 ($19.52 in chips)
Seat 6: 3b268cf6 ($30.37 in chips)
Hero: posts small blind $0.05
ca61019: posts big blind $0.1
*** HOLE CARDS ***
Dealt to 1c2244c2
Dealt to Hero [2c 4c]
Dealt to ca61019
Dealt to 79620228
Dealt to fa75889
Dealt to 3b268cf6
79620228: folds
fa75889: raises $0.12 to $0.22
3b268cf6: folds
1c2244c2: folds
Hero: folds
ca61019: calls $0.12
*** FLOP *** [5c 9s As]
ca61019: checks
fa75889: bets $0.4
ca61019: folds
Uncalled bet ($0.4) returned to fa75889
*** SHOWDOWN ***
fa75889 collected $0.47 from pot
*** SUMMARY ***
Total pot $0.49 | Rake $0.02 | Jackpot $0 | Bingo $0 | Fortune $0
Board [5c 9s As]
Seat 1: 1c2244c2 (button) folded before Flop (didn't bet)
Seat 2: Hero (small blind) folded before Flop
Seat 3: ca61019 (big blind) folded on the Flop
Seat 4: 79620228 folded before Flop (didn't bet)
Seat 5: fa75889 won ($0.47)
Seat 6: 3b268cf6 folded before Flop (didn't bet)


Poker Hand #RC1355576724: Hold'em No Limit  ($0.05/$0.1) - 2023/02/20 11:23:56
Table 'RushAndCash12771984' 6-max Seat #1 is the button
Seat 1: b5d704a9 ($10.42 in chips)
Seat 2: f41847fb ($47.72 in chips)
Seat 3: 42c254c4 ($7.59 in chips)
Seat 4: c28c386c ($15.27 in chips)
Seat 5: 76f16531 ($13.09 in chips)
Seat 6: Hero ($11.91 in chips)
f41847fb: posts small blind $0.05
42c254c4: posts big blind $0.1
*** HOLE CARDS ***
Dealt to b5d704a9
Dealt to f41847fb
Dealt to 42c254c4
Dealt to c28c386c
Dealt to 76f16531
Dealt to Hero [5s 7s]
c28c386c: folds
76f16531: raises $0.12 to $0.22
Hero: folds
b5d704a9: folds
f41847fb: folds
42c254c4: folds
Uncalled bet ($0.12) returned to 76f16531
*** SHOWDOWN ***
76f16531 collected $0.25 from pot
*** SUMMARY ***
Total pot $0.25 | Rake $0 | Jackpot $0 | Bingo $0 | Fortune $0
Seat 1: b5d704a9 (button) folded before Flop (didn't bet)
Seat 2: f41847fb (small blind) folded before Flop
Seat 3: 42c254c4 (big blind) folded before Flop
Seat 4: c28c386c folded before Flop (didn't bet)
Seat 5: 76f16531 collected ($0.25)
Seat 6: Hero folded before Flop (didn't bet)


Poker Hand #RC1355576679: Hold'em No Limit  ($0.05/$0.1) - 2023/02/20 11:23:47
Table 'RushAndCash12771939' 6-max Seat #1 is the button
Seat 1: fd40e209 ($10.15 in chips)
Seat 2: 577a8b45 ($11.73 in chips)
Seat 3: 33f1f66c ($10.51 in chips)
Seat 4: Hero ($11.91 in chips)
Seat 5: fa75889 ($19.62 in chips)
Seat 6: 42c254c4 ($7.59 in chips)
577a8b45: posts small blind $0.05
33f1f66c: posts big blind $0.1
*** HOLE CARDS ***
Dealt to fd40e209
Dealt to 577a8b45
Dealt to 33f1f66c
Dealt to Hero [5h Kh]
Dealt to fa75889
Dealt to 42c254c4
Hero: folds
fa75889: folds
42c254c4: folds
fd40e209: raises $0.15 to $0.25
577a8b45: folds
33f1f66c: folds
Uncalled bet ($0.15) returned to fd40e209
*** SHOWDOWN ***
fd40e209 collected $0.25 from pot
*** SUMMARY ***
Total pot $0.25 | Rake $0 | Jackpot $0 | Bingo $0 | Fortune $0
Seat 1: fd40e209 (button) collected ($0.25)
Seat 2: 577a8b45 (small blind) folded before Flop
Seat 3: 33f1f66c (big blind) folded before Flop
Seat 4: Hero folded before Flop (didn't bet)
Seat 5: fa75889 folded before Flop (didn't bet)
Seat 6: 42c254c4 folded before Flop (didn't bet)


Poker Hand #RC1355576619: Hold'em No Limit  ($0.05/$0.1) - 2023/02/20 11:23:33
Table 'RushAndCash12771879' 6-max Seat #1 is the button
Seat 1: 4970fa20 ($8.74 in chips)
Seat 2: f58f706b ($9.71 in chips)
Seat 3: 3c4df0d2 ($10 in chips)
Seat 4: 901f07f3 ($10 in chips)
Seat 5: 81324c38 ($11.57 in chips)
Seat 6: Hero ($11.91 in chips)
f58f706b: posts small blind $0.05
3c4df0d2: posts big blind $0.1
*** HOLE CARDS ***
Dealt to 4970fa20
Dealt to f58f706b
Dealt to 3c4df0d2
Dealt to 901f07f3
Dealt to 81324c38
Dealt to Hero [2d Td]
901f07f3: folds
81324c38: raises $0.1 to $0.2
Hero: folds
4970fa20: folds
f58f706b: folds
3c4df0d2: folds
Uncalled bet ($0.1) returned to 81324c38
*** SHOWDOWN ***
81324c38 collected $0.25 from pot
*** SUMMARY ***
Total pot $0.25 | Rake $0 | Jackpot $0 | Bingo $0 | Fortune $0
Seat 1: 4970fa20 (button) folded before Flop (didn't bet)
Seat 2: f58f706b (small blind) folded before Flop
Seat 3: 3c4df0d2 (big blind) folded before Flop
Seat 4: 901f07f3 folded before Flop (didn't bet)
Seat 5: 81324c38 collected ($0.25)
Seat 6: Hero folded before Flop (didn't bet)


Poker Hand #RC1355576532: Hold'em No Limit  ($0.05/$0.1) - 2023/02/20 11:23:12
Table 'RushAndCash12771792' 6-max Seat #1 is the button
Seat 1: 6f3c2d14 ($12.61 in chips)
Seat 2: Hero ($11.96 in chips)
Seat 3: a3a953d0 ($13.12 in chips)
Seat 4: 7f306d0 ($12.45 in chips)
Seat 5: 73d974c ($10.26 in chips)
Seat 6: 3d2a7e5e ($10 in chips)
Hero: posts small blind $0.05
a3a953d0: posts big blind $0.1
*** HOLE CARDS ***
Dealt to 6f3c2d14
Dealt to Hero [5c Ts]
Dealt to a3a953d0
Dealt to 7f306d0
Dealt to 73d974c
Dealt to 3d2a7e5e
7f306d0: folds
73d974c: folds
3d2a7e5e: folds
6f3c2d14: raises $0.15 to $0.25
Hero: folds
a3a953d0: calls $0.15
*** FLOP *** [5d Qs 6s]
a3a953d0: bets $0.19
6f3c2d14: folds
Uncalled bet ($0.19) returned to a3a953d0
*** SHOWDOWN ***
a3a953d0 collected $0.53 from pot
*** SUMMARY ***
Total pot $0.55 | Rake $0.02 | Jackpot $0 | Bingo $0 | Fortune $0
Board [5d Qs 6s]
Seat 1: 6f3c2d14 (button) folded on the Flop
Seat 2: Hero (small blind) folded before Flop
Seat 3: a3a953d0 (big blind) won ($0.53)
Seat 4: 7f306d0 folded before Flop (didn't bet)
Seat 5: 73d974c folded before Flop (didn't bet)
Seat 6: 3d2a7e5e folded before Flop (didn't bet)


Poker Hand #RC1355576421: Hold'em No Limit  ($0.05/$0.1) - 2023/02/20 11:22:45
Table 'RushAndCash12771681' 6-max Seat #1 is the button
Seat 1: a6303c31 ($15.05 in chips)
Seat 2: bca688ea ($21.24 in chips)
Seat 3: Hero ($12.06 in chips)
Seat 4: d9ef9ff4 ($13.14 in chips)
Seat 5: 1013c7e6 ($11.11 in chips)
Seat 6: bab26291 ($7.34 in chips)
bca688ea: posts small blind $0.05
Hero: posts big blind $0.1
*** HOLE CARDS ***
Dealt to a6303c31
Dealt to bca688ea
Dealt to Hero [8d 9s]
Dealt to d9ef9ff4
Dealt to 1013c7e6
Dealt to bab26291
d9ef9ff4: folds
1013c7e6: folds
bab26291: folds
a6303c31: folds
bca688ea: raises $0.14 to $0.24
Hero: folds
Uncalled bet ($0.14) returned to bca688ea
*** SHOWDOWN ***
bca688ea collected $0.2 from pot
*** SUMMARY ***
Total pot $0.2 | Rake $0 | Jackpot $0 | Bingo $0 | Fortune $0
Seat 1: a6303c31 (button) folded before Flop (didn't bet)
Seat 2: bca688ea (small blind) collected ($0.2)
Seat 3: Hero (big blind) folded before Flop
Seat 4: d9ef9ff4 folded before Flop (didn't bet)
Seat 5: 1013c7e6 folded before Flop (didn't bet)
Seat 6: bab26291 folded before Flop (didn't bet)


Poker Hand #RC1355576374: Hold'em No Limit  ($0.05/$0.1) - 2023/02/20 11:22:35
Table 'RushAndCash12771634' 6-max Seat #1 is the button
Seat 1: 40e6ce4e ($10 in chips)
Seat 2: 12375d6c ($10.53 in chips)
Seat 3: d65ac8be ($20.83 in chips)
Seat 4: c65b009b ($9.21 in chips)
Seat 5: Hero ($12.06 in chips)
Seat 6: da096f49 ($10.84 in chips)
12375d6c: posts small blind $0.05
d65ac8be: posts big blind $0.1
*** HOLE CARDS ***
Dealt to 40e6ce4e
Dealt to 12375d6c
Dealt to d65ac8be
Dealt to c65b009b
Dealt to Hero [3c 7c]
Dealt to da096f49
c65b009b: folds
Hero: folds
da096f49: folds
40e6ce4e: folds
12375d6c: raises $0.15 to $0.25
d65ac8be: folds
Uncalled bet ($0.15) returned to 12375d6c
*** SHOWDOWN ***
12375d6c collected $0.2 from pot
*** SUMMARY ***
Total pot $0.2 | Rake $0 | Jackpot $0 | Bingo $0 | Fortune $0
Seat 1: 40e6ce4e (button) folded before Flop (didn't bet)
Seat 2: 12375d6c (small blind) collected ($0.2)
Seat 3: d65ac8be (big blind) folded before Flop
Seat 4: c65b009b folded before Flop (didn't bet)
Seat 5: Hero folded before Flop (didn't bet)
Seat 6: da096f49 folded before Flop (didn't bet)


Poker Hand #RC1355576343: Hold'em No Limit  ($0.05/$0.1) - 2023/02/20 11:22:28
Table 'RushAndCash12771603' 6-max Seat #1 is the button
Seat 1: Hero ($12.06 in chips)
Seat 2: 3e77cab6 ($11.13 in chips)
Seat 3: 5e903b16 ($15.91 in chips)
Seat 4: 7f306d0 ($12.3 in chips)
Seat 5: 9f44b960 ($10 in chips)
Seat 6: d7146f83 ($16.68 in chips)
3e77cab6: posts small blind $0.05
5e903b16: posts big blind $0.1
*** HOLE CARDS ***
Dealt to Hero [4s Qh]
Dealt to 3e77cab6
Dealt to 5e903b16
Dealt to 7f306d0
Dealt to 9f44b960
Dealt to d7146f83
7f306d0: folds
9f44b960: folds
d7146f83: folds
Hero: folds
3e77cab6: calls $0.05
5e903b16: raises $0.35 to $0.45
3e77cab6: folds
Uncalled bet ($0.35) returned to 5e903b16
*** SHOWDOWN ***
5e903b16 collected $0.2 from pot
*** SUMMARY ***
Total pot $0.2 | Rake $0 | Jackpot $0 | Bingo $0 | Fortune $0
Seat 1: Hero (button) folded before Flop (didn't bet)
Seat 2: 3e77cab6 (small blind) folded before Flop
Seat 3: 5e903b16 (big blind) collected ($0.2)
Seat 4: 7f306d0 folded before Flop (didn't bet)
Seat 5: 9f44b960 folded before Flop (didn't bet)
Seat 6: d7146f83 folded before Flop (didn't bet)


Poker Hand #RC1355576246: Hold'em No Limit  ($0.05/$0.1) - 2023/02/20 11:22:04
Table 'RushAndCash12771506' 6-max Seat #1 is the button
Seat 1: 9548f98e ($4.1 in chips)
Seat 2: Hero ($11.87 in chips)
Seat 3: 682d6d30 ($13.91 in chips)
Seat 4: b3bf6aef ($12.17 in chips)
Seat 5: aaef56cc ($24.04 in chips)
Seat 6: 2979e259 ($9.36 in chips)
Hero: posts small blind $0.05
682d6d30: posts big blind $0.1
*** HOLE CARDS ***
Dealt to 9548f98e
Dealt to Hero [Kc Ks]
Dealt to 682d6d30
Dealt to b3bf6aef
Dealt to aaef56cc
Dealt to 2979e259
b3bf6aef: folds
aaef56cc: folds
2979e259: folds
9548f98e: calls $0.1
Hero: raises $0.28 to $0.38
682d6d30: folds
9548f98e: folds
Uncalled bet ($0.28) returned to Hero
*** SHOWDOWN ***
Hero collected $0.29 from pot
*** SUMMARY ***
Total pot $0.3 | Rake $0.01 | Jackpot $0 | Bingo $0 | Fortune $0
Seat 1: 9548f98e (button) folded before Flop
Seat 2: Hero (small blind) collected ($0.29)
Seat 3: 682d6d30 (big blind) folded before Flop
Seat 4: b3bf6aef folded before Flop (didn't bet)
Seat 5: aaef56cc folded before Flop (didn't bet)
Seat 6: 2979e259 folded before Flop (didn't bet)


Poker Hand #RC1355576179: Hold'em No Limit  ($0.05/$0.1) - 2023/02/20 11:21:49
Table 'RushAndCash12771439' 6-max Seat #1 is the button
Seat 1: 4970fa20 ($9.7 in chips)
Seat 2: f158b8b7 ($10.94 in chips)
Seat 3: Hero ($11.82 in chips)
Seat 4: 359671e3 ($57.99 in chips)
Seat 5: 3854a992 ($10.76 in chips)
Seat 6: fb54f859 ($9.3 in chips)
f158b8b7: posts small blind $0.05
Hero: posts big blind $0.1
*** HOLE CARDS ***
Dealt to 4970fa20
Dealt to f158b8b7
Dealt to Hero [Td 5h]
Dealt to 359671e3
Dealt to 3854a992
Dealt to fb54f859
359671e3: folds
3854a992: folds
fb54f859: folds
4970fa20: folds
f158b8b7: folds
Uncalled bet ($0.05) returned to Hero
*** SHOWDOWN ***
Hero collected $0.1 from pot
*** SUMMARY ***
Total pot $0.1 | Rake $0 | Jackpot $0 | Bingo $0 | Fortune $0
Seat 1: 4970fa20 (button) folded before Flop (didn't bet)
Seat 2: f158b8b7 (small blind) folded before Flop
Seat 3: Hero (big blind) collected ($0.1)
Seat 4: 359671e3 folded before Flop (didn't bet)
Seat 5: 3854a992 folded before Flop (didn't bet)
Seat 6: fb54f859 folded before Flop (didn't bet)


Poker Hand #RC1355576151: Hold'em No Limit  ($0.05/$0.1) - 2023/02/20 11:21:43
Table 'RushAndCash12771411' 6-max Seat #1 is the button
Seat 1: f46d6219 ($11.05 in chips)
Seat 2: 2a0d7f00 ($4 in chips)
Seat 3: da75eb74 ($10.32 in chips)
Seat 4: Hero ($11.82 in chips)
Seat 5: e085ba4b ($10.34 in chips)
Seat 6: 714ad84c ($10 in chips)
2a0d7f00: posts small blind $0.05
da75eb74: posts big blind $0.1
*** HOLE CARDS ***
Dealt to f46d6219
Dealt to 2a0d7f00
Dealt to da75eb74
Dealt to Hero [Ac 7d]
Dealt to e085ba4b
Dealt to 714ad84c
Hero: folds
e085ba4b: folds
714ad84c: folds
f46d6219: folds
2a0d7f00: raises $0.2 to $0.3
da75eb74: folds
Uncalled bet ($0.2) returned to 2a0d7f00
*** SHOWDOWN ***
2a0d7f00 collected $0.2 from pot
*** SUMMARY ***
Total pot $0.2 | Rake $0 | Jackpot $0 | Bingo $0 | Fortune $0
Seat 1: f46d6219 (button) folded before Flop (didn't bet)
Seat 2: 2a0d7f00 (small blind) collected ($0.2)
Seat 3: da75eb74 (big blind) folded before Flop
Seat 4: Hero folded before Flop (didn't bet)
Seat 5: e085ba4b folded before Flop (didn't bet)
Seat 6: 714ad84c folded before Flop (didn't bet)


Poker Hand #RC1355576095: Hold'em No Limit  ($0.05/$0.1) - 2023/02/20 11:21:30
Table 'RushAndCash12771355' 6-max Seat #1 is the button
Seat 1: Hero ($11.82 in chips)
Seat 2: 81324c38 ($11.44 in chips)
Seat 3: 714ad84c ($10.01 in chips)
Seat 4: bca688ea ($20.73 in chips)
Seat 5: c41a834 ($13.45 in chips)
Seat 6: 35c56452 ($7.99 in chips)
81324c38: posts small blind $0.05
714ad84c: posts big blind $0.1
*** HOLE CARDS ***
Dealt to Hero [Qc Jh]
Dealt to 81324c38
Dealt to 714ad84c
Dealt to bca688ea
Dealt to c41a834
Dealt to 35c56452
bca688ea: folds
c41a834: folds
35c56452: raises $0.2 to $0.3
Hero: folds
81324c38: folds
714ad84c: folds
Uncalled bet ($0.2) returned to 35c56452
*** SHOWDOWN ***
35c56452 collected $0.25 from pot
*** SUMMARY ***
Total pot $0.25 | Rake $0 | Jackpot $0 | Bingo $0 | Fortune $0
Seat 1: Hero (button) folded before Flop (didn't bet)
Seat 2: 81324c38 (small blind) folded before Flop
Seat 3: 714ad84c (big blind) folded before Flop
Seat 4: bca688ea folded before Flop (didn't bet)
Seat 5: c41a834 folded before Flop (didn't bet)
Seat 6: 35c56452 collected ($0.25)


Poker Hand #RC1355576057: Hold'em No Limit  ($0.05/$0.1) - 2023/02/20 11:21:21
Table 'RushAndCash12771317' 6-max Seat #1 is the button
Seat 1: c8f39a8 ($9.44 in chips)
Seat 2: 7ad1af32 ($11.61 in chips)
Seat 3: 88840013 ($10.69 in chips)
Seat 4: d5de1cd0 ($11.25 in chips)
Seat 5: 76d75562 ($22.6 in chips)
Seat 6: Hero ($11.82 in chips)
7ad1af32: posts small blind $0.05
88840013: posts big blind $0.1
*** HOLE CARDS ***
Dealt to c8f39a8
Dealt to 7ad1af32
Dealt to 88840013
Dealt to d5de1cd0
Dealt to 76d75562
Dealt to Hero [Tc 9s]
d5de1cd0: folds
76d75562: folds
Hero: folds
c8f39a8: folds
7ad1af32: raises $0.2 to $0.3
88840013: raises $0.61 to $0.91
7ad1af32: folds
Uncalled bet ($0.61) returned to 88840013
*** SHOWDOWN ***
88840013 collected $0.57 from pot
*** SUMMARY ***
Total pot $0.6 | Rake $0.03 | Jackpot $0 | Bingo $0 | Fortune $0
Seat 1: c8f39a8 (button) folded before Flop (didn't bet)
Seat 2: 7ad1af32 (small blind) folded before Flop
Seat 3: 88840013 (big blind) collected ($0.57)
Seat 4: d5de1cd0 folded before Flop (didn't bet)
Seat 5: 76d75562 folded before Flop (didn't bet)
Seat 6: Hero folded before Flop (didn't bet)


Poker Hand #RC1355576022: Hold'em No Limit  ($0.05/$0.1) - 2023/02/20 11:21:13
Table 'RushAndCash12771282' 6-max Seat #1 is the button
Seat 1: 2e142640 ($12.37 in chips)
Seat 2: 1f2a5da6 ($10 in chips)
Seat 3: cccc7c65 ($15.08 in chips)
Seat 4: 8dc8a5a9 ($10.63 in chips)
Seat 5: 40e6ce4e ($10 in chips)
Seat 6: Hero ($11.82 in chips)
1f2a5da6: posts small blind $0.05
cccc7c65: posts big blind $0.1
*** HOLE CARDS ***
Dealt to 2e142640
Dealt to 1f2a5da6
Dealt to cccc7c65
Dealt to 8dc8a5a9
Dealt to 40e6ce4e
Dealt to Hero [Kc 7d]
8dc8a5a9: raises $0.25 to $0.35
40e6ce4e: folds
Hero: folds
2e142640: folds
1f2a5da6: calls $0.3
cccc7c65: folds
*** FLOP *** [3d Ts As]
1f2a5da6: checks
8dc8a5a9: bets $0.4
1f2a5da6: calls $0.4
*** TURN *** [3d Ts As] [8c]
1f2a5da6: checks
8dc8a5a9: checks
*** RIVER *** [3d Ts As 8c] [5d]
1f2a5da6: bets $0.8
8dc8a5a9: folds
Uncalled bet ($0.8) returned to 1f2a5da6
*** SHOWDOWN ***
1f2a5da6 collected $1.52 from pot
*** SUMMARY ***
Total pot $1.6 | Rake $0.08 | Jackpot $0 | Bingo $0 | Fortune $0
Board [3d Ts As 8c 5d]
Seat 1: 2e142640 (button) folded before Flop (didn't bet)
Seat 2: 1f2a5da6 (small blind) won ($1.52)
Seat 3: cccc7c65 (big blind) folded before Flop
Seat 4: 8dc8a5a9 folded on the River
Seat 5: 40e6ce4e folded before Flop (didn't bet)
Seat 6: Hero folded before Flop (didn't bet)


Poker Hand #RC1355576007: Hold'em No Limit  ($0.05/$0.1) - 2023/02/20 11:21:09
Table 'RushAndCash12771267' 6-max Seat #1 is the button
Seat 1: 207dbbd3 ($10 in chips)
Seat 2: 836a528f ($10.97 in chips)
Seat 3: 6d8ada7a ($11.19 in chips)
Seat 4: Hero ($11.82 in chips)
Seat 5: ed765358 ($10 in chips)
Seat 6: 620ebc52 ($44.05 in chips)
836a528f: posts small blind $0.05
6d8ada7a: posts big blind $0.1
*** HOLE CARDS ***
Dealt to 207dbbd3
Dealt to 836a528f
Dealt to 6d8ada7a
Dealt to Hero [Th 4h]
Dealt to ed765358
Dealt to 620ebc52
Hero: folds
ed765358: folds
620ebc52: folds
207dbbd3: raises $0.1 to $0.2
836a528f: folds
6d8ada7a: folds
Uncalled bet ($0.1) returned to 207dbbd3
*** SHOWDOWN ***
207dbbd3 collected $0.25 from pot
*** SUMMARY ***
Total pot $0.25 | Rake $0 | Jackpot $0 | Bingo $0 | Fortune $0
Seat 1: 207dbbd3 (button) collected ($0.25)
Seat 2: 836a528f (small blind) folded before Flop
Seat 3: 6d8ada7a (big blind) folded before Flop
Seat 4: Hero folded before Flop (didn't bet)
Seat 5: ed765358 folded before Flop (didn't bet)
Seat 6: 620ebc52 folded before Flop (didn't bet)


Poker Hand #RC1355575953: Hold'em No Limit  ($0.05/$0.1) - 2023/02/20 11:20:55
Table 'RushAndCash12771213' 6-max Seat #1 is the button
Seat 1: Hero ($11.67 in chips)
Seat 2: fc393c40 ($10 in chips)
Seat 3: 6b0c5de5 ($10.15 in chips)
Seat 4: ed765358 ($10 in chips)
Seat 5: 5fd3e547 ($34.48 in chips)
Seat 6: 8dc8a5a9 ($10.63 in chips)
fc393c40: posts small blind $0.05
6b0c5de5: posts big blind $0.1
*** HOLE CARDS ***
Dealt to Hero [Jc Qc]
Dealt to fc393c40
Dealt to 6b0c5de5
Dealt to ed765358
Dealt to 5fd3e547
Dealt to 8dc8a5a9
ed765358: folds
5fd3e547: folds
8dc8a5a9: folds
Hero: raises $0.15 to $0.25
fc393c40: folds
6b0c5de5: folds
Uncalled bet ($0.15) returned to Hero
*** SHOWDOWN ***
Hero collected $0.25 from pot
*** SUMMARY ***
Total pot $0.25 | Rake $0 | Jackpot $0 | Bingo $0 | Fortune $0
Seat 1: Hero (button) collected ($0.25)
Seat 2: fc393c40 (small blind) folded before Flop
Seat 3: 6b0c5de5 (big blind) folded before Flop
Seat 4: ed765358 folded before Flop (didn't bet)
Seat 5: 5fd3e547 folded before Flop (didn't bet)
Seat 6: 8dc8a5a9 folded before Flop (didn't bet)


Poker Hand #RC1355575933: Hold'em No Limit  ($0.05/$0.1) - 2023/02/20 11:20:51
Table 'RushAndCash12771193' 6-max Seat #1 is the button
Seat 1: a163d0a8 ($23.05 in chips)
Seat 2: Hero ($11.72 in chips)
Seat 3: f46d6219 ($10.88 in chips)
Seat 4: b3042eba ($4 in chips)
Seat 5: 7ad1af32 ($11.71 in chips)
Seat 6: d7146f83 ($16.78 in chips)
Hero: posts small blind $0.05
f46d6219: posts big blind $0.1
*** HOLE CARDS ***
Dealt to a163d0a8
Dealt to Hero [6d 3h]
Dealt to f46d6219
Dealt to b3042eba
Dealt to 7ad1af32
Dealt to d7146f83
b3042eba: folds
7ad1af32: folds
d7146f83: raises $0.15 to $0.25
a163d0a8: folds
Hero: folds
f46d6219: folds
Uncalled bet ($0.15) returned to d7146f83
*** SHOWDOWN ***
d7146f83 collected $0.25 from pot
*** SUMMARY ***
Total pot $0.25 | Rake $0 | Jackpot $0 | Bingo $0 | Fortune $0
Seat 1: a163d0a8 (button) folded before Flop (didn't bet)
Seat 2: Hero (small blind) folded before Flop
Seat 3: f46d6219 (big blind) folded before Flop
Seat 4: b3042eba folded before Flop (didn't bet)
Seat 5: 7ad1af32 folded before Flop (didn't bet)
Seat 6: d7146f83 collected ($0.25)


Poker Hand #RC1355575881: Hold'em No Limit  ($0.05/$0.1) - 2023/02/20 11:20:39
Table 'RushAndCash12771141' 6-max Seat #1 is the button
Seat 1: 72176ca4 ($9.59 in chips)
Seat 2: c5bdf026 ($27.08 in chips)
Seat 3: Hero ($11.82 in chips)
Seat 4: a9856b7b ($9.32 in chips)
Seat 5: 406c4b52 ($18.53 in chips)
Seat 6: 32400184 ($16.26 in chips)
c5bdf026: posts small blind $0.05
Hero: posts big blind $0.1
*** HOLE CARDS ***
Dealt to 72176ca4
Dealt to c5bdf026
Dealt to Hero [8c 5d]
Dealt to a9856b7b
Dealt to 406c4b52
Dealt to 32400184
a9856b7b: folds
406c4b52: folds
32400184: raises $0.15 to $0.25
72176ca4: folds
c5bdf026: folds
Hero: folds
Uncalled bet ($0.15) returned to 32400184
*** SHOWDOWN ***
32400184 collected $0.25 from pot
*** SUMMARY ***
Total pot $0.25 | Rake $0 | Jackpot $0 | Bingo $0 | Fortune $0
Seat 1: 72176ca4 (button) folded before Flop (didn't bet)
Seat 2: c5bdf026 (small blind) folded before Flop
Seat 3: Hero (big blind) folded before Flop
Seat 4: a9856b7b folded before Flop (didn't bet)
Seat 5: 406c4b52 folded before Flop (didn't bet)
Seat 6: 32400184 collected ($0.25)


Poker Hand #RC1355575708: Hold'em No Limit  ($0.05/$0.1) - 2023/02/20 11:19:59
Table 'RushAndCash12770968' 6-max Seat #1 is the button
Seat 1: 1636ecd4 ($11.1 in chips)
Seat 2: a36e6393 ($10.48 in chips)
Seat 3: 5a97c2b8 ($19.55 in chips)
Seat 4: 98bd588b ($8.11 in chips)
Seat 5: 8f5bd1ab ($10.64 in chips)
Seat 6: Hero ($11.54 in chips)
a36e6393: posts small blind $0.05
5a97c2b8: posts big blind $0.1
*** HOLE CARDS ***
Dealt to 1636ecd4
Dealt to a36e6393
Dealt to 5a97c2b8
Dealt to 98bd588b
Dealt to 8f5bd1ab
Dealt to Hero [Qs Ts]
98bd588b: folds
8f5bd1ab: folds
Hero: raises $0.15 to $0.25
1636ecd4: folds
a36e6393: folds
5a97c2b8: calls $0.15
*** FLOP *** [3h Ah Qh]
5a97c2b8: checks
Hero: checks
*** TURN *** [3h Ah Qh] [4d]
5a97c2b8: checks
Hero: bets $0.19
5a97c2b8: folds
Uncalled bet ($0.19) returned to Hero
*** SHOWDOWN ***
Hero collected $0.53 from pot
*** SUMMARY ***
Total pot $0.55 | Rake $0.02 | Jackpot $0 | Bingo $0 | Fortune $0
Board [3h Ah Qh 4d]
Seat 1: 1636ecd4 (button) folded before Flop (didn't bet)
Seat 2: a36e6393 (small blind) folded before Flop
Seat 3: 5a97c2b8 (big blind) folded on the Turn
Seat 4: 98bd588b folded before Flop (didn't bet)
Seat 5: 8f5bd1ab folded before Flop (didn't bet)
Seat 6: Hero won ($0.53)


Poker Hand #RC1355575220: Hold'em No Limit  ($0.05/$0.1) - 2023/02/20 11:18:11
Table 'RushAndCash12770480' 6-max Seat #1 is the button
Seat 1: 261525be ($30 in chips)
Seat 2: c7903b58 ($10 in chips)
Seat 3: 5d2ac7f8 ($10.68 in chips)
Seat 4: 98d9344e ($17.54 in chips)
Seat 5: bcbd400 ($12.41 in chips)
Seat 6: Hero ($11.54 in chips)
c7903b58: posts small blind $0.05
5d2ac7f8: posts big blind $0.1
*** HOLE CARDS ***
Dealt to 261525be
Dealt to c7903b58
Dealt to 5d2ac7f8
Dealt to 98d9344e
Dealt to bcbd400
Dealt to Hero [7s 8d]
98d9344e: folds
bcbd400: calls $0.1
Hero: folds
261525be: folds
c7903b58: folds
5d2ac7f8: checks
*** FLOP *** [Qc 8c 5h]
5d2ac7f8: checks
bcbd400: checks
*** TURN *** [Qc 8c 5h] [4s]
5d2ac7f8: checks
bcbd400: bets $0.13
5d2ac7f8: folds
Uncalled bet ($0.13) returned to bcbd400
*** SHOWDOWN ***
bcbd400 collected $0.24 from pot
*** SUMMARY ***
Total pot $0.25 | Rake $0.01 | Jackpot $0 | Bingo $0 | Fortune $0
Board [Qc 8c 5h 4s]
Seat 1: 261525be (button) folded before Flop (didn't bet)
Seat 2: c7903b58 (small blind) folded before Flop
Seat 3: 5d2ac7f8 (big blind) folded on the Turn
Seat 4: 98d9344e folded before Flop (didn't bet)
Seat 5: bcbd400 won ($0.24)
Seat 6: Hero folded before Flop (didn't bet)


Poker Hand #RC1355575157: Hold'em No Limit  ($0.05/$0.1) - 2023/02/20 11:17:56
Table 'RushAndCash12770417' 6-max Seat #1 is the button
Seat 1: d9ef9ff4 ($10.88 in chips)
Seat 2: 314e50f6 ($10.15 in chips)
Seat 3: 90ef4ec4 ($22.41 in chips)
Seat 4: 285561b7 ($10 in chips)
Seat 5: 208df2e4 ($13.51 in chips)
Seat 6: Hero ($11.54 in chips)
314e50f6: posts small blind $0.05
90ef4ec4: posts big blind $0.1
*** HOLE CARDS ***
Dealt to d9ef9ff4
Dealt to 314e50f6
Dealt to 90ef4ec4
Dealt to 285561b7
Dealt to 208df2e4
Dealt to Hero [5h Jh]
285561b7: folds
208df2e4: raises $0.15 to $0.25
Hero: folds
d9ef9ff4: folds
314e50f6: folds
90ef4ec4: folds
Uncalled bet ($0.15) returned to 208df2e4
*** SHOWDOWN ***
208df2e4 collected $0.25 from pot
*** SUMMARY ***
Total pot $0.25 | Rake $0 | Jackpot $0 | Bingo $0 | Fortune $0
Seat 1: d9ef9ff4 (button) folded before Flop (didn't bet)
Seat 2: 314e50f6 (small blind) folded before Flop
Seat 3: 90ef4ec4 (big blind) folded before Flop
Seat 4: 285561b7 folded before Flop (didn't bet)
Seat 5: 208df2e4 collected ($0.25)
Seat 6: Hero folded before Flop (didn't bet)


Poker Hand #RC1355575092: Hold'em No Limit  ($0.05/$0.1) - 2023/02/20 11:17:40
Table 'RushAndCash12770352' 6-max Seat #1 is the button
Seat 1: deef66dc ($7.71 in chips)
Seat 2: f58f706b ($7.32 in chips)
Seat 3: 57060f78 ($14.04 in chips)
Seat 4: aaef56cc ($23.49 in chips)
Seat 5: Hero ($11.54 in chips)
Seat 6: 91e3b56f ($4.16 in chips)
f58f706b: posts small blind $0.05
57060f78: posts big blind $0.1
*** HOLE CARDS ***
Dealt to deef66dc
Dealt to f58f706b
Dealt to 57060f78
Dealt to aaef56cc
Dealt to Hero [Qs 9s]
Dealt to 91e3b56f
aaef56cc: folds
Hero: folds
91e3b56f: raises $0.16 to $0.26
deef66dc: raises $0.51 to $0.77
f58f706b: raises $6.55 to $7.32 and is all-in
57060f78: folds
91e3b56f: folds
deef66dc: folds
Uncalled bet ($6.55) returned to f58f706b
f58f706b: shows [Ac Ad]
*** SHOWDOWN ***
f58f706b collected $1.81 from pot
*** SUMMARY ***
Total pot $1.9 | Rake $0.09 | Jackpot $0 | Bingo $0 | Fortune $0
Seat 1: deef66dc (button) folded before Flop
Seat 2: f58f706b (small blind) showed [Ac Ad] and collected ($1.81)
Seat 3: 57060f78 (big blind) folded before Flop
Seat 4: aaef56cc folded before Flop (didn't bet)
Seat 5: Hero folded before Flop (didn't bet)
Seat 6: 91e3b56f folded before Flop


Poker Hand #RC1355574950: Hold'em No Limit  ($0.05/$0.1) - 2023/02/20 11:17:06
Table 'RushAndCash12770210' 6-max Seat #1 is the button
Seat 1: f97062d3 ($17.08 in chips)
Seat 2: 91e3b56f ($3.69 in chips)
Seat 3: Hero ($11.79 in chips)
Seat 4: b3bf6aef ($11.7 in chips)
Seat 5: c9ee57d1 ($31.98 in chips)
Seat 6: 7fcdac06 ($23.73 in chips)
91e3b56f: posts small blind $0.05
Hero: posts big blind $0.1
*** HOLE CARDS ***
Dealt to f97062d3
Dealt to 91e3b56f
Dealt to Hero [Js 9s]
Dealt to b3bf6aef
Dealt to c9ee57d1
Dealt to 7fcdac06
b3bf6aef: folds
c9ee57d1: folds
7fcdac06: raises $0.15 to $0.25
f97062d3: folds
91e3b56f: calls $0.2
Hero: calls $0.15
*** FLOP *** [Qh 9c Tc]
91e3b56f: bets $0.37
Hero: folds
7fcdac06: folds
Uncalled bet ($0.37) returned to 91e3b56f
*** SHOWDOWN ***
91e3b56f collected $0.72 from pot
*** SUMMARY ***
Total pot $0.75 | Rake $0.03 | Jackpot $0 | Bingo $0 | Fortune $0
Board [Qh 9c Tc]
Seat 1: f97062d3 (button) folded before Flop (didn't bet)
Seat 2: 91e3b56f (small blind) won ($0.72)
Seat 3: Hero (big blind) folded on the Flop
Seat 4: b3bf6aef folded before Flop (didn't bet)
Seat 5: c9ee57d1 folded before Flop (didn't bet)
Seat 6: 7fcdac06 folded on the Flop


Poker Hand #RC1355524506: Hold'em No Limit  ($0.05/$0.1) - 2023/02/20 11:15:29
Table 'RushAndCash12769766' 6-max Seat #1 is the button
Seat 1: Hero ($11.31 in chips)
Seat 2: 1d0ec72c ($15.64 in chips)
Seat 3: 12d0e541 ($10 in chips)
Seat 4: 43ceaf6f ($17.22 in chips)
Seat 5: a1f81c93 ($10 in chips)
Seat 6: 506bcb61 ($10.95 in chips)
1d0ec72c: posts small blind $0.05
12d0e541: posts big blind $0.1
*** HOLE CARDS ***
Dealt to Hero [9s Ts]
Dealt to 1d0ec72c
Dealt to 12d0e541
Dealt to 43ceaf6f
Dealt to a1f81c93
Dealt to 506bcb61
43ceaf6f: folds
a1f81c93: folds
506bcb61: raises $0.13 to $0.23
Hero: calls $0.23
1d0ec72c: folds
12d0e541: calls $0.13
*** FLOP *** [Jc 2c 7h]
12d0e541: checks
506bcb61: checks
Hero: checks
*** TURN *** [Jc 2c 7h] [8s]
12d0e541: checks
506bcb61: checks
Hero: bets $0.37
12d0e541: folds
506bcb61: folds
Uncalled bet ($0.37) returned to Hero
*** SHOWDOWN ***
Hero collected $0.71 from pot
*** SUMMARY ***
Total pot $0.74 | Rake $0.03 | Jackpot $0 | Bingo $0 | Fortune $0
Board [Jc 2c 7h 8s]
Seat 1: Hero (button) won ($0.71)
Seat 2: 1d0ec72c (small blind) folded before Flop
Seat 3: 12d0e541 (big blind) folded on the Turn
Seat 4: 43ceaf6f folded before Flop (didn't bet)
Seat 5: a1f81c93 folded before Flop (didn't bet)
Seat 6: 506bcb61 folded on the Turn


Poker Hand #RC1355524488: Hold'em No Limit  ($0.05/$0.1) - 2023/02/20 11:15:24
Table 'RushAndCash12769748' 6-max Seat #1 is the button
Seat 1: 43ceaf6f ($17.22 in chips)
Seat 2: Hero ($11.36 in chips)
Seat 3: 88d8fc6b ($10.25 in chips)
Seat 4: e7e87e52 ($10 in chips)
Seat 5: d7fcce4c ($16.65 in chips)
Seat 6: 95af41a3 ($10.15 in chips)
Hero: posts small blind $0.05
88d8fc6b: posts big blind $0.1
*** HOLE CARDS ***
Dealt to 43ceaf6f
Dealt to Hero [Jd 6s]
Dealt to 88d8fc6b
Dealt to e7e87e52
Dealt to d7fcce4c
Dealt to 95af41a3
e7e87e52: folds
d7fcce4c: raises $0.1 to $0.2
95af41a3: folds
43ceaf6f: folds
Hero: folds
88d8fc6b: folds
Uncalled bet ($0.1) returned to d7fcce4c
*** SHOWDOWN ***
d7fcce4c collected $0.25 from pot
*** SUMMARY ***
Total pot $0.25 | Rake $0 | Jackpot $0 | Bingo $0 | Fortune $0
Seat 1: 43ceaf6f (button) folded before Flop (didn't bet)
Seat 2: Hero (small blind) folded before Flop
Seat 3: 88d8fc6b (big blind) folded before Flop
Seat 4: e7e87e52 folded before Flop (didn't bet)
Seat 5: d7fcce4c collected ($0.25)
Seat 6: 95af41a3 folded before Flop (didn't bet)


Poker Hand #RC1355524450: Hold'em No Limit  ($0.05/$0.1) - 2023/02/20 11:15:15
Table 'RushAndCash12769710' 6-max Seat #1 is the button
Seat 1: d4d539f ($13.43 in chips)
Seat 2: 7ccce496 ($10 in chips)
Seat 3: a237c59f ($10.83 in chips)
Seat 4: 92c285ba ($10.55 in chips)
Seat 5: efba681d ($7.11 in chips)
Seat 6: Hero ($11.36 in chips)
7ccce496: posts small blind $0.05
a237c59f: posts big blind $0.1
*** HOLE CARDS ***
Dealt to d4d539f
Dealt to 7ccce496
Dealt to a237c59f
Dealt to 92c285ba
Dealt to efba681d
Dealt to Hero [Ts 4d]
92c285ba: folds
efba681d: folds
Hero: folds
d4d539f: folds
7ccce496: raises $0.4 to $0.5
a237c59f: folds
Uncalled bet ($0.4) returned to 7ccce496
*** SHOWDOWN ***
7ccce496 collected $0.2 from pot
*** SUMMARY ***
Total pot $0.2 | Rake $0 | Jackpot $0 | Bingo $0 | Fortune $0
Seat 1: d4d539f (button) folded before Flop (didn't bet)
Seat 2: 7ccce496 (small blind) collected ($0.2)
Seat 3: a237c59f (big blind) folded before Flop
Seat 4: 92c285ba folded before Flop (didn't bet)
Seat 5: efba681d folded before Flop (didn't bet)
Seat 6: Hero folded before Flop (didn't bet)


Poker Hand #RC1355524205: Hold'em No Limit  ($0.05/$0.1) - 2023/02/20 11:14:26
Table 'RushAndCash12769465' 6-max Seat #1 is the button
Seat 1: 7ad1af32 ($15.01 in chips)
Seat 2: b0be227f ($10 in chips)
Seat 3: 9f383d5d ($11.15 in chips)
Seat 4: 58932077 ($11.95 in chips)
Seat 5: Hero ($11.36 in chips)
Seat 6: b9086e54 ($7.37 in chips)
b0be227f: posts small blind $0.05
9f383d5d: posts big blind $0.1
*** HOLE CARDS ***
Dealt to 7ad1af32
Dealt to b0be227f
Dealt to 9f383d5d
Dealt to 58932077
Dealt to Hero [Qh 6s]
Dealt to b9086e54
58932077: folds
Hero: folds
b9086e54: folds
7ad1af32: raises $0.15 to $0.25
b0be227f: folds
9f383d5d: folds
Uncalled bet ($0.15) returned to 7ad1af32
*** SHOWDOWN ***
7ad1af32 collected $0.25 from pot
*** SUMMARY ***
Total pot $0.25 | Rake $0 | Jackpot $0 | Bingo $0 | Fortune $0
Seat 1: 7ad1af32 (button) collected ($0.25)
Seat 2: b0be227f (small blind) folded before Flop
Seat 3: 9f383d5d (big blind) folded before Flop
Seat 4: 58932077 folded before Flop (didn't bet)
Seat 5: Hero folded before Flop (didn't bet)
Seat 6: b9086e54 folded before Flop (didn't bet)


Poker Hand #RC1355524178: Hold'em No Limit  ($0.05/$0.1) - 2023/02/20 11:14:20
Table 'RushAndCash12769438' 6-max Seat #1 is the button
Seat 1: 7ee12fe8 ($8.11 in chips)
Seat 2: ca846a66 ($10.77 in chips)
Seat 3: 2548617d ($10 in chips)
Seat 4: 96ae0933 ($11.64 in chips)
Seat 5: Hero ($11.36 in chips)
Seat 6: a15df828 ($12.3 in chips)
ca846a66: posts small blind $0.05
2548617d: posts big blind $0.1
*** HOLE CARDS ***
Dealt to 7ee12fe8
Dealt to ca846a66
Dealt to 2548617d
Dealt to 96ae0933
Dealt to Hero [3h 7d]
Dealt to a15df828
96ae0933: folds
Hero: folds
a15df828: folds
7ee12fe8: folds
ca846a66: folds
Uncalled bet ($0.05) returned to 2548617d
*** SHOWDOWN ***
2548617d collected $0.1 from pot
*** SUMMARY ***
Total pot $0.1 | Rake $0 | Jackpot $0 | Bingo $0 | Fortune $0
Seat 1: 7ee12fe8 (button) folded before Flop (didn't bet)
Seat 2: ca846a66 (small blind) folded before Flop
Seat 3: 2548617d (big blind) collected ($0.1)
Seat 4: 96ae0933 folded before Flop (didn't bet)
Seat 5: Hero folded before Flop (didn't bet)
Seat 6: a15df828 folded before Flop (didn't bet)


Poker Hand #RC1355524162: Hold'em No Limit  ($0.05/$0.1) - 2023/02/20 11:14:16
Table 'RushAndCash12769422' 6-max Seat #1 is the button
Seat 1: 7ccce496 ($10 in chips)
Seat 2: a15df828 ($12.35 in chips)
Seat 3: 4e1d3e39 ($9.18 in chips)
Seat 4: Hero ($11.36 in chips)
Seat 5: e1a939a5 ($11.19 in chips)
Seat 6: b7f39e23 ($10 in chips)
a15df828: posts small blind $0.05
4e1d3e39: posts big blind $0.1
*** HOLE CARDS ***
Dealt to 7ccce496
Dealt to a15df828
Dealt to 4e1d3e39
Dealt to Hero [2d 6d]
Dealt to e1a939a5
Dealt to b7f39e23
Hero: folds
e1a939a5: folds
b7f39e23: folds
7ccce496: folds
a15df828: folds
Uncalled bet ($0.05) returned to 4e1d3e39
*** SHOWDOWN ***
4e1d3e39 collected $0.1 from pot
*** SUMMARY ***
Total pot $0.1 | Rake $0 | Jackpot $0 | Bingo $0 | Fortune $0
Seat 1: 7ccce496 (button) folded before Flop (didn't bet)
Seat 2: a15df828 (small blind) folded before Flop
Seat 3: 4e1d3e39 (big blind) collected ($0.1)
Seat 4: Hero folded before Flop (didn't bet)
Seat 5: e1a939a5 folded before Flop (didn't bet)
Seat 6: b7f39e23 folded before Flop (didn't bet)


Poker Hand #RC1355524109: Hold'em No Limit  ($0.05/$0.1) - 2023/02/20 11:14:04
Table 'RushAndCash12769369' 6-max Seat #1 is the button
Seat 1: c7778375 ($23.64 in chips)
Seat 2: Hero ($11.41 in chips)
Seat 3: a163d0a8 ($10.8 in chips)
Seat 4: 5a707a95 ($7.6 in chips)
Seat 5: 76d75562 ($11.55 in chips)
Seat 6: d65ac8be ($17.57 in chips)
Hero: posts small blind $0.05
a163d0a8: posts big blind $0.1
*** HOLE CARDS ***
Dealt to c7778375
Dealt to Hero [Qc 3c]
Dealt to a163d0a8
Dealt to 5a707a95
Dealt to 76d75562
Dealt to d65ac8be
5a707a95: folds
76d75562: folds
d65ac8be: folds
c7778375: raises $0.15 to $0.25
Hero: folds
a163d0a8: raises $0.75 to $1
c7778375: calls $0.75
*** FLOP *** [Qd Ts Kc]
a163d0a8: bets $1.03
c7778375: folds
Uncalled bet ($1.03) returned to a163d0a8
*** SHOWDOWN ***
a163d0a8 collected $1.95 from pot
*** SUMMARY ***
Total pot $2.05 | Rake $0.1 | Jackpot $0 | Bingo $0 | Fortune $0
Board [Qd Ts Kc]
Seat 1: c7778375 (button) folded on the Flop
Seat 2: Hero (small blind) folded before Flop
Seat 3: a163d0a8 (big blind) won ($1.95)
Seat 4: 5a707a95 folded before Flop (didn't bet)
Seat 5: 76d75562 folded before Flop (didn't bet)
Seat 6: d65ac8be folded before Flop (didn't bet)


Poker Hand #RC1355523714: Hold'em No Limit  ($0.05/$0.1) - 2023/02/20 11:12:42
Table 'RushAndCash12768974' 6-max Seat #1 is the button
Seat 1: d5ba7015 ($11.45 in chips)
Seat 2: 5fcfd50c ($58.2 in chips)
Seat 3: Hero ($11.04 in chips)
Seat 4: 883615b2 ($9.52 in chips)
Seat 5: c3125e08 ($18.52 in chips)
Seat 6: b0be227f ($10 in chips)
5fcfd50c: posts small blind $0.05
Hero: posts big blind $0.1
*** HOLE CARDS ***
Dealt to d5ba7015
Dealt to 5fcfd50c
Dealt to Hero [8h Jh]
Dealt to 883615b2
Dealt to c3125e08
Dealt to b0be227f
883615b2: folds
c3125e08: raises $0.1 to $0.2
b0be227f: folds
d5ba7015: folds
5fcfd50c: folds
Hero: calls $0.1
*** FLOP *** [9s 8c 4h]
Hero: checks
c3125e08: checks
*** TURN *** [9s 8c 4h] [9c]
Hero: bets $0.15
c3125e08: calls $0.15
*** RIVER *** [9s 8c 4h 9c] [9d]
Hero: bets $0.25
c3125e08: folds
Uncalled bet ($0.25) returned to Hero
*** SHOWDOWN ***
Hero collected $0.72 from pot
*** SUMMARY ***
Total pot $0.75 | Rake $0.03 | Jackpot $0 | Bingo $0 | Fortune $0
Board [9s 8c 4h 9c 9d]
Seat 1: d5ba7015 (button) folded before Flop (didn't bet)
Seat 2: 5fcfd50c (small blind) folded before Flop
Seat 3: Hero (big blind) won ($0.72)
Seat 4: 883615b2 folded before Flop (didn't bet)
Seat 5: c3125e08 folded on the River
Seat 6: b0be227f folded before Flop (didn't bet)


Poker Hand #RC1355523687: Hold'em No Limit  ($0.05/$0.1) - 2023/02/20 11:12:37
Table 'RushAndCash12768947' 6-max Seat #1 is the button
Seat 1: Hero ($11.04 in chips)
Seat 2: 3f7b311d ($22.39 in chips)
Seat 3: 2a71fb3d ($11.16 in chips)
Seat 4: f8b208e4 ($11.22 in chips)
Seat 5: 3e57b2f3 ($10.27 in chips)
Seat 6: 63bfbb91 ($23.28 in chips)
3f7b311d: posts small blind $0.05
2a71fb3d: posts big blind $0.1
*** HOLE CARDS ***
Dealt to Hero [3s 4h]
Dealt to 3f7b311d
Dealt to 2a71fb3d
Dealt to f8b208e4
Dealt to 3e57b2f3
Dealt to 63bfbb91
f8b208e4: folds
3e57b2f3: folds
63bfbb91: raises $0.2 to $0.3
Hero: folds
3f7b311d: folds
2a71fb3d: folds
Uncalled bet ($0.2) returned to 63bfbb91
*** SHOWDOWN ***
63bfbb91 collected $0.25 from pot
*** SUMMARY ***
Total pot $0.25 | Rake $0 | Jackpot $0 | Bingo $0 | Fortune $0
Seat 1: Hero (button) folded before Flop (didn't bet)
Seat 2: 3f7b311d (small blind) folded before Flop
Seat 3: 2a71fb3d (big blind) folded before Flop
Seat 4: f8b208e4 folded before Flop (didn't bet)
Seat 5: 3e57b2f3 folded before Flop (didn't bet)
Seat 6: 63bfbb91 collected ($0.25)


Poker Hand #RC1355523652: Hold'em No Limit  ($0.05/$0.1) - 2023/02/20 11:12:30
Table 'RushAndCash12768912' 6-max Seat #1 is the button
Seat 1: d5ba7015 ($11.45 in chips)
Seat 2: 4bf8d5e5 ($10.25 in chips)
Seat 3: 883615b2 ($9.47 in chips)
Seat 4: d63ea47b ($14.61 in chips)
Seat 5: bd835af0 ($11.12 in chips)
Seat 6: Hero ($11.04 in chips)
4bf8d5e5: posts small blind $0.05
883615b2: posts big blind $0.1
*** HOLE CARDS ***
Dealt to d5ba7015
Dealt to 4bf8d5e5
Dealt to 883615b2
Dealt to d63ea47b
Dealt to bd835af0
Dealt to Hero [9s Kc]
d63ea47b: folds
bd835af0: folds
Hero: folds
d5ba7015: folds
4bf8d5e5: folds
Uncalled bet ($0.05) returned to 883615b2
*** SHOWDOWN ***
883615b2 collected $0.1 from pot
*** SUMMARY ***
Total pot $0.1 | Rake $0 | Jackpot $0 | Bingo $0 | Fortune $0
Seat 1: d5ba7015 (button) folded before Flop (didn't bet)
Seat 2: 4bf8d5e5 (small blind) folded before Flop
Seat 3: 883615b2 (big blind) collected ($0.1)
Seat 4: d63ea47b folded before Flop (didn't bet)
Seat 5: bd835af0 folded before Flop (didn't bet)
Seat 6: Hero folded before Flop (didn't bet)


Poker Hand #RC1355523329: Hold'em No Limit  ($0.05/$0.1) - 2023/02/20 11:11:20
Table 'RushAndCash12768589' 6-max Seat #1 is the button
Seat 1: 552295f2 ($11.53 in chips)
Seat 2: 538d3bdc ($10.69 in chips)
Seat 3: 519ed822 ($31.61 in chips)
Seat 4: 540747e8 ($8.26 in chips)
Seat 5: Hero ($11.04 in chips)
Seat 6: 75e46f84 ($9.61 in chips)
538d3bdc: posts small blind $0.05
519ed822: posts big blind $0.1
*** HOLE CARDS ***
Dealt to 552295f2
Dealt to 538d3bdc
Dealt to 519ed822
Dealt to 540747e8
Dealt to Hero [Qd 7s]
Dealt to 75e46f84
540747e8: folds
Hero: folds
75e46f84: raises $0.1 to $0.2
552295f2: folds
538d3bdc: folds
519ed822: calls $0.1
*** FLOP *** [5s 6d Th]
519ed822: checks
75e46f84: checks
*** TURN *** [5s 6d Th] [7d]
519ed822: checks
75e46f84: checks
*** RIVER *** [5s 6d Th 7d] [Ah]
519ed822: checks
75e46f84: checks
519ed822: shows [4h 5h] (Pair of Fives)
75e46f84: shows [9s Ks] (Ace-High)
*** SHOWDOWN ***
519ed822 collected $0.43 from pot
*** SUMMARY ***
Total pot $0.45 | Rake $0.02 | Jackpot $0 | Bingo $0 | Fortune $0
Board [5s 6d Th 7d Ah]
Seat 1: 552295f2 (button) folded before Flop (didn't bet)
Seat 2: 538d3bdc (small blind) folded before Flop
Seat 3: 519ed822 (big blind) showed [4h 5h] and won ($0.43) with Pair of Fives
Seat 4: 540747e8 folded before Flop (didn't bet)
Seat 5: Hero folded before Flop (didn't bet)
Seat 6: 75e46f84 showed [9s Ks] and lost with Ace-High


Poker Hand #RC1355522514: Hold'em No Limit  ($0.05/$0.1) - 2023/02/20 11:08:19
Table 'RushAndCash12767774' 6-max Seat #1 is the button
Seat 1: Hero ($11.04 in chips)
Seat 2: 74f587fe ($14.52 in chips)
Seat 3: d65ac8be ($19.27 in chips)
Seat 4: 848d138a ($18.09 in chips)
Seat 5: 875ad255 ($20.04 in chips)
Seat 6: 70d44e03 ($10.2 in chips)
74f587fe: posts small blind $0.05
d65ac8be: posts big blind $0.1
*** HOLE CARDS ***
Dealt to Hero [9h 7s]
Dealt to 74f587fe
Dealt to d65ac8be
Dealt to 848d138a
Dealt to 875ad255
Dealt to 70d44e03
848d138a: raises $0.1 to $0.2
875ad255: folds
70d44e03: folds
Hero: folds
74f587fe: calls $0.15
d65ac8be: folds
*** FLOP *** [2d Js Th]
74f587fe: checks
848d138a: checks
*** TURN *** [2d Js Th] [2s]
74f587fe: bets $0.25
848d138a: folds
Uncalled bet ($0.25) returned to 74f587fe
*** SHOWDOWN ***
74f587fe collected $0.48 from pot
*** SUMMARY ***
Total pot $0.5 | Rake $0.02 | Jackpot $0 | Bingo $0 | Fortune $0
Board [2d Js Th 2s]
Seat 1: Hero (button) folded before Flop (didn't bet)
Seat 2: 74f587fe (small blind) won ($0.48)
Seat 3: d65ac8be (big blind) folded before Flop
Seat 4: 848d138a folded on the Turn
Seat 5: 875ad255 folded before Flop (didn't bet)
Seat 6: 70d44e03 folded before Flop (didn't bet)


Poker Hand #RC1355522452: Hold'em No Limit  ($0.05/$0.1) - 2023/02/20 11:08:06
Table 'RushAndCash12767712' 6-max Seat #1 is the button
Seat 1: f97062d3 ($10 in chips)
Seat 2: 248a0b4a ($11.63 in chips)
Seat 3: Hero ($11.14 in chips)
Seat 4: ae622a7e ($14.11 in chips)
Seat 5: 63130ede ($5.41 in chips)
Seat 6: 67fa1ea9 ($15.11 in chips)
248a0b4a: posts small blind $0.05
Hero: posts big blind $0.1
*** HOLE CARDS ***
Dealt to f97062d3
Dealt to 248a0b4a
Dealt to Hero [8s 3h]
Dealt to ae622a7e
Dealt to 63130ede
Dealt to 67fa1ea9
ae622a7e: folds
63130ede: folds
67fa1ea9: raises $0.2 to $0.3
f97062d3: folds
248a0b4a: folds
Hero: folds
Uncalled bet ($0.2) returned to 67fa1ea9
*** SHOWDOWN ***
67fa1ea9 collected $0.25 from pot
*** SUMMARY ***
Total pot $0.25 | Rake $0 | Jackpot $0 | Bingo $0 | Fortune $0
Seat 1: f97062d3 (button) folded before Flop (didn't bet)
Seat 2: 248a0b4a (small blind) folded before Flop
Seat 3: Hero (big blind) folded before Flop
Seat 4: ae622a7e folded before Flop (didn't bet)
Seat 5: 63130ede folded before Flop (didn't bet)
Seat 6: 67fa1ea9 collected ($0.25)


Poker Hand #RC1355522428: Hold'em No Limit  ($0.05/$0.1) - 2023/02/20 11:08:01
Table 'RushAndCash12767688' 6-max Seat #1 is the button
Seat 1: d530f509 ($10 in chips)
Seat 2: Hero ($11.19 in chips)
Seat 3: e7e87e52 ($10.15 in chips)
Seat 4: 63130ede ($5.41 in chips)
Seat 5: 8d790337 ($10 in chips)
Seat 6: 406c4b52 ($11.29 in chips)
Hero: posts small blind $0.05
e7e87e52: posts big blind $0.1
*** HOLE CARDS ***
Dealt to d530f509
Dealt to Hero [5h Kd]
Dealt to e7e87e52
Dealt to 63130ede
Dealt to 8d790337
Dealt to 406c4b52
63130ede: folds
8d790337: folds
406c4b52: folds
d530f509: raises $0.15 to $0.25
Hero: folds
e7e87e52: folds
Uncalled bet ($0.15) returned to d530f509
*** SHOWDOWN ***
d530f509 collected $0.25 from pot
*** SUMMARY ***
Total pot $0.25 | Rake $0 | Jackpot $0 | Bingo $0 | Fortune $0
Seat 1: d530f509 (button) collected ($0.25)
Seat 2: Hero (small blind) folded before Flop
Seat 3: e7e87e52 (big blind) folded before Flop
Seat 4: 63130ede folded before Flop (didn't bet)
Seat 5: 8d790337 folded before Flop (didn't bet)
Seat 6: 406c4b52 folded before Flop (didn't bet)


Poker Hand #RC1355522347: Hold'em No Limit  ($0.05/$0.1) - 2023/02/20 11:07:42
Table 'RushAndCash12767607' 6-max Seat #1 is the button
Seat 1: 73be73b4 ($10.15 in chips)
Seat 2: 40e6ce4e ($10.33 in chips)
Seat 3: 5f525121 ($9.24 in chips)
Seat 4: b1b2d9d4 ($20.78 in chips)
Seat 5: ec6da9c2 ($11.1 in chips)
Seat 6: Hero ($11.04 in chips)
40e6ce4e: posts small blind $0.05
5f525121: posts big blind $0.1
*** HOLE CARDS ***
Dealt to 73be73b4
Dealt to 40e6ce4e
Dealt to 5f525121
Dealt to b1b2d9d4
Dealt to ec6da9c2
Dealt to Hero [6h 6s]
b1b2d9d4: folds
ec6da9c2: folds
Hero: raises $0.15 to $0.25
73be73b4: folds
40e6ce4e: folds
5f525121: folds
Uncalled bet ($0.15) returned to Hero
*** SHOWDOWN ***
Hero collected $0.25 from pot
*** SUMMARY ***
Total pot $0.25 | Rake $0 | Jackpot $0 | Bingo $0 | Fortune $0
Seat 1: 73be73b4 (button) folded before Flop (didn't bet)
Seat 2: 40e6ce4e (small blind) folded before Flop
Seat 3: 5f525121 (big blind) folded before Flop
Seat 4: b1b2d9d4 folded before Flop (didn't bet)
Seat 5: ec6da9c2 folded before Flop (didn't bet)
Seat 6: Hero collected ($0.25)


Poker Hand #RC1355522297: Hold'em No Limit  ($0.05/$0.1) - 2023/02/20 11:07:30
Table 'RushAndCash12767557' 6-max Seat #1 is the button
Seat 1: 5fcfd50c ($55.33 in chips)
Seat 2: c65b009b ($9.51 in chips)
Seat 3: 702beefd ($45.82 in chips)
Seat 4: Hero ($10.89 in chips)
Seat 5: 3e57b2f3 ($11.18 in chips)
Seat 6: cd0e1652 ($10 in chips)
c65b009b: posts small blind $0.05
702beefd: posts big blind $0.1
*** HOLE CARDS ***
Dealt to 5fcfd50c
Dealt to c65b009b
Dealt to 702beefd
Dealt to Hero [Jh Kh]
Dealt to 3e57b2f3
Dealt to cd0e1652
Hero: raises $0.15 to $0.25
3e57b2f3: folds
cd0e1652: folds
5fcfd50c: folds
c65b009b: folds
702beefd: folds
Uncalled bet ($0.15) returned to Hero
*** SHOWDOWN ***
Hero collected $0.25 from pot
*** SUMMARY ***
Total pot $0.25 | Rake $0 | Jackpot $0 | Bingo $0 | Fortune $0
Seat 1: 5fcfd50c (button) folded before Flop (didn't bet)
Seat 2: c65b009b (small blind) folded before Flop
Seat 3: 702beefd (big blind) folded before Flop
Seat 4: Hero collected ($0.25)
Seat 5: 3e57b2f3 folded before Flop (didn't bet)
Seat 6: cd0e1652 folded before Flop (didn't bet)


Poker Hand #RC1355522276: Hold'em No Limit  ($0.05/$0.1) - 2023/02/20 11:07:25
Table 'RushAndCash12767536' 6-max Seat #1 is the button
Seat 1: ed765358 ($11.35 in chips)
Seat 2: 362394ef ($10 in chips)
Seat 3: 2225a564 ($3.63 in chips)
Seat 4: 2660005c ($11.82 in chips)
Seat 5: 620ebc52 ($43.13 in chips)
Seat 6: Hero ($10.89 in chips)
362394ef: posts small blind $0.05
2225a564: posts big blind $0.1
*** HOLE CARDS ***
Dealt to ed765358
Dealt to 362394ef
Dealt to 2225a564
Dealt to 2660005c
Dealt to 620ebc52
Dealt to Hero [5d 6s]
2660005c: folds
620ebc52: folds
Hero: folds
ed765358: folds
362394ef: folds
Uncalled bet ($0.05) returned to 2225a564
*** SHOWDOWN ***
2225a564 collected $0.1 from pot
*** SUMMARY ***
Total pot $0.1 | Rake $0 | Jackpot $0 | Bingo $0 | Fortune $0
Seat 1: ed765358 (button) folded before Flop (didn't bet)
Seat 2: 362394ef (small blind) folded before Flop
Seat 3: 2225a564 (big blind) collected ($0.1)
Seat 4: 2660005c folded before Flop (didn't bet)
Seat 5: 620ebc52 folded before Flop (didn't bet)
Seat 6: Hero folded before Flop (didn't bet)


Poker Hand #RC1355521060: Hold'em No Limit  ($0.05/$0.1) - 2023/02/20 11:02:51
Table 'RushAndCash12766320' 6-max Seat #1 is the button
Seat 1: Hero ($10.22 in chips)
Seat 2: 2e685256 ($14.54 in chips)
Seat 3: d8a770df ($10.56 in chips)
Seat 4: 5d23960c ($29.05 in chips)
Seat 5: 7f47291a ($31.6 in chips)
Seat 6: 47018f4b ($19.63 in chips)
2e685256: posts small blind $0.05
d8a770df: posts big blind $0.1
*** HOLE CARDS ***
Dealt to Hero [Js Jc]
Dealt to 2e685256
Dealt to d8a770df
Dealt to 5d23960c
Dealt to 7f47291a
Dealt to 47018f4b
5d23960c: folds
7f47291a: folds
47018f4b: folds
Hero: raises $0.15 to $0.25
2e685256: folds
d8a770df: calls $0.15
*** FLOP *** [9h 3h As]
d8a770df: checks
Hero: checks
*** TURN *** [9h 3h As] [3c]
d8a770df: bets $0.19
Hero: calls $0.19
*** RIVER *** [9h 3h As 3c] [2c]
d8a770df: checks
Hero: bets $0.25
d8a770df: calls $0.25
Hero: shows [Js Jc] (Pair of Jacks and Pair of Treys)
d8a770df: shows [9c Qc] (Pair of Nines and Pair of Treys)
*** SHOWDOWN ***
Hero collected $1.36 from pot
*** SUMMARY ***
Total pot $1.43 | Rake $0.07 | Jackpot $0 | Bingo $0 | Fortune $0
Board [9h 3h As 3c 2c]
Seat 1: Hero (button) showed [Js Jc] and won ($1.36) with Pair of Jacks and Pair of Treys
Seat 2: 2e685256 (small blind) folded before Flop
Seat 3: d8a770df (big blind) showed [9c Qc] and lost with Pair of Nines and Pair of Treys
Seat 4: 5d23960c folded before Flop (didn't bet)
Seat 5: 7f47291a folded before Flop (didn't bet)
Seat 6: 47018f4b folded before Flop (didn't bet)


Poker Hand #RC1355521001: Hold'em No Limit  ($0.05/$0.1) - 2023/02/20 11:02:39
Table 'RushAndCash12766261' 6-max Seat #1 is the button
Seat 1: 72093c61 ($21.44 in chips)
Seat 2: Hero ($10.27 in chips)
Seat 3: 848d138a ($18.95 in chips)
Seat 4: 6638749e ($16.11 in chips)
Seat 5: 3eb95b2a ($15.41 in chips)
Seat 6: a2d92c46 ($12.09 in chips)
Hero: posts small blind $0.05
848d138a: posts big blind $0.1
*** HOLE CARDS ***
Dealt to 72093c61
Dealt to Hero [Jd 8s]
Dealt to 848d138a
Dealt to 6638749e
Dealt to 3eb95b2a
Dealt to a2d92c46
6638749e: folds
3eb95b2a: folds
a2d92c46: raises $0.15 to $0.25
72093c61: raises $0.52 to $0.77
Hero: folds
848d138a: folds
a2d92c46: calls $0.52
*** FLOP *** [9s Js 7s]
a2d92c46: checks
72093c61: checks
*** TURN *** [9s Js 7s] [6s]
a2d92c46: bets $0.43
72093c61: folds
Uncalled bet ($0.43) returned to a2d92c46
*** SHOWDOWN ***
a2d92c46 collected $1.61 from pot
*** SUMMARY ***
Total pot $1.69 | Rake $0.08 | Jackpot $0 | Bingo $0 | Fortune $0
Board [9s Js 7s 6s]
Seat 1: 72093c61 (button) folded on the Turn
Seat 2: Hero (small blind) folded before Flop
Seat 3: 848d138a (big blind) folded before Flop
Seat 4: 6638749e folded before Flop (didn't bet)
Seat 5: 3eb95b2a folded before Flop (didn't bet)
Seat 6: a2d92c46 won ($1.61)


Poker Hand #RC1355520514: Hold'em No Limit  ($0.05/$0.1) - 2023/02/20 11:00:48
Table 'RushAndCash12765774' 6-max Seat #1 is the button
Seat 1: 5ac4d709 ($13.23 in chips)
Seat 2: 2e142640 ($10.2 in chips)
Seat 3: Hero ($10.52 in chips)
Seat 4: 4cd74d6a ($18.75 in chips)
Seat 5: 43a1f2d0 ($11 in chips)
Seat 6: 73d974c ($10 in chips)
2e142640: posts small blind $0.05
Hero: posts big blind $0.1
*** HOLE CARDS ***
Dealt to 5ac4d709
Dealt to 2e142640
Dealt to Hero [Kd Qc]
Dealt to 4cd74d6a
Dealt to 43a1f2d0
Dealt to 73d974c
4cd74d6a: folds
43a1f2d0: raises $0.15 to $0.25
73d974c: folds
5ac4d709: folds
2e142640: folds
Hero: calls $0.15
*** FLOP *** [4d Ad Ah]
Hero: checks
43a1f2d0: bets $0.19
Hero: folds
Uncalled bet ($0.19) returned to 43a1f2d0
*** SHOWDOWN ***
43a1f2d0 collected $0.53 from pot
*** SUMMARY ***
Total pot $0.55 | Rake $0.02 | Jackpot $0 | Bingo $0 | Fortune $0
Board [4d Ad Ah]
Seat 1: 5ac4d709 (button) folded before Flop (didn't bet)
Seat 2: 2e142640 (small blind) folded before Flop
Seat 3: Hero (big blind) folded on the Flop
Seat 4: 4cd74d6a folded before Flop (didn't bet)
Seat 5: 43a1f2d0 won ($0.53)
Seat 6: 73d974c folded before Flop (didn't bet)


Poker Hand #RC1355520494: Hold'em No Limit  ($0.05/$0.1) - 2023/02/20 11:00:43
Table 'RushAndCash12765754' 6-max Seat #1 is the button
Seat 1: f541e1f7 ($10.94 in chips)
Seat 2: 80006f38 ($10.35 in chips)
Seat 3: 78a0681f ($10 in chips)
Seat 4: 28bb886e ($10.15 in chips)
Seat 5: Hero ($10.52 in chips)
Seat 6: c0ca8635 ($38.65 in chips)
80006f38: posts small blind $0.05
78a0681f: posts big blind $0.1
*** HOLE CARDS ***
Dealt to f541e1f7
Dealt to 80006f38
Dealt to 78a0681f
Dealt to 28bb886e
Dealt to Hero [4s 9c]
Dealt to c0ca8635
28bb886e: folds
Hero: folds
c0ca8635: folds
f541e1f7: folds
80006f38: folds
Uncalled bet ($0.05) returned to 78a0681f
*** SHOWDOWN ***
78a0681f collected $0.1 from pot
*** SUMMARY ***
Total pot $0.1 | Rake $0 | Jackpot $0 | Bingo $0 | Fortune $0
Seat 1: f541e1f7 (button) folded before Flop (didn't bet)
Seat 2: 80006f38 (small blind) folded before Flop
Seat 3: 78a0681f (big blind) collected ($0.1)
Seat 4: 28bb886e folded before Flop (didn't bet)
Seat 5: Hero folded before Flop (didn't bet)
Seat 6: c0ca8635 folded before Flop (didn't bet)


Poker Hand #RC1355520478: Hold'em No Limit  ($0.05/$0.1) - 2023/02/20 11:00:39
Table 'RushAndCash12765738' 6-max Seat #1 is the button
Seat 1: 875ad255 ($11.09 in chips)
Seat 2: c4a042aa ($11.61 in chips)
Seat 3: 376b7bc4 ($10.77 in chips)
Seat 4: Hero ($10.52 in chips)
Seat 5: 3e5b659 ($5.35 in chips)
Seat 6: da85a243 ($7.42 in chips)
c4a042aa: posts small blind $0.05
376b7bc4: posts big blind $0.1
*** HOLE CARDS ***
Dealt to 875ad255
Dealt to c4a042aa
Dealt to 376b7bc4
Dealt to Hero [Qd 4s]
Dealt to 3e5b659
Dealt to da85a243
Hero: folds
3e5b659: raises $0.1 to $0.2
da85a243: folds
875ad255: folds
c4a042aa: folds
376b7bc4: calls $0.1
*** FLOP *** [2s 5h Kd]
376b7bc4: checks
3e5b659: bets $0.23
376b7bc4: calls $0.23
*** TURN *** [2s 5h Kd] [3d]
376b7bc4: checks
3e5b659: bets $0.69
376b7bc4: folds
Uncalled bet ($0.69) returned to 3e5b659
*** SHOWDOWN ***
3e5b659 collected $0.87 from pot
*** SUMMARY ***
Total pot $0.91 | Rake $0.04 | Jackpot $0 | Bingo $0 | Fortune $0
Board [2s 5h Kd 3d]
Seat 1: 875ad255 (button) folded before Flop (didn't bet)
Seat 2: c4a042aa (small blind) folded before Flop
Seat 3: 376b7bc4 (big blind) folded on the Turn
Seat 4: Hero folded before Flop (didn't bet)
Seat 5: 3e5b659 won ($0.87)
Seat 6: da85a243 folded before Flop (didn't bet)


Poker Hand #RC1355520454: Hold'em No Limit  ($0.05/$0.1) - 2023/02/20 11:00:34
Table 'RushAndCash12765714' 6-max Seat #1 is the button
Seat 1: 9a9f8a17 ($10 in chips)
Seat 2: dc9ea1f1 ($10.59 in chips)
Seat 3: b499a394 ($5.27 in chips)
Seat 4: 566e9816 ($4.04 in chips)
Seat 5: Hero ($10.52 in chips)
Seat 6: 8d790337 ($10.08 in chips)
dc9ea1f1: posts small blind $0.05
b499a394: posts big blind $0.1
*** HOLE CARDS ***
Dealt to 9a9f8a17
Dealt to dc9ea1f1
Dealt to b499a394
Dealt to 566e9816
Dealt to Hero [4c Qh]
Dealt to 8d790337
566e9816: folds
Hero: folds
8d790337: folds
9a9f8a17: folds
dc9ea1f1: folds
Uncalled bet ($0.05) returned to b499a394
*** SHOWDOWN ***
b499a394 collected $0.1 from pot
*** SUMMARY ***
Total pot $0.1 | Rake $0 | Jackpot $0 | Bingo $0 | Fortune $0
Seat 1: 9a9f8a17 (button) folded before Flop (didn't bet)
Seat 2: dc9ea1f1 (small blind) folded before Flop
Seat 3: b499a394 (big blind) collected ($0.1)
Seat 4: 566e9816 folded before Flop (didn't bet)
Seat 5: Hero folded before Flop (didn't bet)
Seat 6: 8d790337 folded before Flop (didn't bet)


Poker Hand #RC1355520412: Hold'em No Limit  ($0.05/$0.1) - 2023/02/20 11:00:24
Table 'RushAndCash12765672' 6-max Seat #1 is the button
Seat 1: Hero ($10.52 in chips)
Seat 2: 519ed822 ($30.63 in chips)
Seat 3: 33c03725 ($11.46 in chips)
Seat 4: 396dbad ($11.53 in chips)
Seat 5: d65ac8be ($19.42 in chips)
Seat 6: 67fa1ea9 ($10.72 in chips)
519ed822: posts small blind $0.05
33c03725: posts big blind $0.1
*** HOLE CARDS ***
Dealt to Hero [9d Ac]
Dealt to 519ed822
Dealt to 33c03725
Dealt to 396dbad
Dealt to d65ac8be
Dealt to 67fa1ea9
396dbad: folds
d65ac8be: folds
67fa1ea9: raises $0.2 to $0.3
Hero: folds
519ed822: folds
33c03725: calls $0.2
*** FLOP *** [Qc 5d 7h]
33c03725: checks
67fa1ea9: bets $0.33
33c03725: calls $0.33
*** TURN *** [Qc 5d 7h] [Ad]
33c03725: checks
67fa1ea9: checks
*** RIVER *** [Qc 5d 7h Ad] [2s]
33c03725: checks
67fa1ea9: bets $0.71
33c03725: folds
Uncalled bet ($0.71) returned to 67fa1ea9
*** SHOWDOWN ***
67fa1ea9 collected $1.25 from pot
*** SUMMARY ***
Total pot $1.31 | Rake $0.06 | Jackpot $0 | Bingo $0 | Fortune $0
Board [Qc 5d 7h Ad 2s]
Seat 1: Hero (button) folded before Flop (didn't bet)
Seat 2: 519ed822 (small blind) folded before Flop
Seat 3: 33c03725 (big blind) folded on the River
Seat 4: 396dbad folded before Flop (didn't bet)
Seat 5: d65ac8be folded before Flop (didn't bet)
Seat 6: 67fa1ea9 won ($1.25)


Poker Hand #RC1355520372: Hold'em No Limit  ($0.05/$0.1) - 2023/02/20 11:00:15
Table 'RushAndCash12765632' 6-max Seat #1 is the button
Seat 1: 58d17ce1 ($5.86 in chips)
Seat 2: 4bf8d5e5 ($10.15 in chips)
Seat 3: ed98ba81 ($12.13 in chips)
Seat 4: a36e6393 ($16.46 in chips)
Seat 5: Hero ($10.37 in chips)
Seat 6: 33c03725 ($11.46 in chips)
4bf8d5e5: posts small blind $0.05
ed98ba81: posts big blind $0.1
*** HOLE CARDS ***
Dealt to 58d17ce1
Dealt to 4bf8d5e5
Dealt to ed98ba81
Dealt to a36e6393
Dealt to Hero [9s Jh]
Dealt to 33c03725
a36e6393: folds
Hero: folds
33c03725: folds
58d17ce1: raises $0.1 to $0.2
4bf8d5e5: raises $0.8 to $1
ed98ba81: folds
58d17ce1: folds
Uncalled bet ($0.8) returned to 4bf8d5e5
*** SHOWDOWN ***
4bf8d5e5 collected $0.48 from pot
*** SUMMARY ***
Total pot $0.5 | Rake $0.02 | Jackpot $0 | Bingo $0 | Fortune $0
Seat 1: 58d17ce1 (button) folded before Flop
Seat 2: 4bf8d5e5 (small blind) collected ($0.48)
Seat 3: ed98ba81 (big blind) folded before Flop
Seat 4: a36e6393 folded before Flop (didn't bet)
Seat 5: Hero folded before Flop (didn't bet)
Seat 6: 33c03725 folded before Flop (didn't bet)


Poker Hand #RC1355520313: Hold'em No Limit  ($0.05/$0.1) - 2023/02/20 11:00:03
Table 'RushAndCash12765573' 6-max Seat #1 is the button
Seat 1: af2394a1 ($8.14 in chips)
Seat 2: 8d790337 ($10.18 in chips)
Seat 3: Hero ($10.47 in chips)
Seat 4: bbc21d07 ($14.84 in chips)
Seat 5: bf90b90e ($12.75 in chips)
Seat 6: 74b7db68 ($16.9 in chips)
8d790337: posts small blind $0.05
Hero: posts big blind $0.1
*** HOLE CARDS ***
Dealt to af2394a1
Dealt to 8d790337
Dealt to Hero [7c 3d]
Dealt to bbc21d07
Dealt to bf90b90e
Dealt to 74b7db68
bbc21d07: folds
bf90b90e: folds
74b7db68: folds
af2394a1: folds
8d790337: folds
Uncalled bet ($0.05) returned to Hero
*** SHOWDOWN ***
Hero collected $0.1 from pot
*** SUMMARY ***
Total pot $0.1 | Rake $0 | Jackpot $0 | Bingo $0 | Fortune $0
Seat 1: af2394a1 (button) folded before Flop (didn't bet)
Seat 2: 8d790337 (small blind) folded before Flop
Seat 3: Hero (big blind) collected ($0.1)
Seat 4: bbc21d07 folded before Flop (didn't bet)
Seat 5: bf90b90e folded before Flop (didn't bet)
Seat 6: 74b7db68 folded before Flop (didn't bet)


Poker Hand #RC1355520097: Hold'em No Limit  ($0.05/$0.1) - 2023/02/20 10:59:15
Table 'RushAndCash12765357' 6-max Seat #1 is the button
Seat 1: 7ee12fe8 ($10.64 in chips)
Seat 2: Hero ($9.93 in chips)
Seat 3: 8d790337 ($10.78 in chips)
Seat 4: 18cb54b5 ($10.49 in chips)
Seat 5: 50e7066b ($11.55 in chips)
Seat 6: be28ef39 ($10.96 in chips)
Hero: posts small blind $0.05
8d790337: posts big blind $0.1
*** HOLE CARDS ***
Dealt to 7ee12fe8
Dealt to Hero [Ks Kh]
Dealt to 8d790337
Dealt to 18cb54b5
Dealt to 50e7066b
Dealt to be28ef39
18cb54b5: folds
50e7066b: folds
be28ef39: folds
7ee12fe8: folds
Hero: raises $0.2 to $0.3
8d790337: calls $0.2
*** FLOP *** [9s Qs 5h]
Hero: bets $0.3
8d790337: calls $0.3
*** TURN *** [9s Qs 5h] [4d]
Hero: bets $0.9
8d790337: folds
Uncalled bet ($0.9) returned to Hero
*** SHOWDOWN ***
Hero collected $1.14 from pot
*** SUMMARY ***
Total pot $1.2 | Rake $0.06 | Jackpot $0 | Bingo $0 | Fortune $0
Board [9s Qs 5h 4d]
Seat 1: 7ee12fe8 (button) folded before Flop (didn't bet)
Seat 2: Hero (small blind) won ($1.14)
Seat 3: 8d790337 (big blind) folded on the Turn
Seat 4: 18cb54b5 folded before Flop (didn't bet)
Seat 5: 50e7066b folded before Flop (didn't bet)
Seat 6: be28ef39 folded before Flop (didn't bet)


Poker Hand #RC1355520070: Hold'em No Limit  ($0.05/$0.1) - 2023/02/20 10:59:09
Table 'RushAndCash12765330' 6-max Seat #1 is the button
Seat 1: 9c075d4d ($15.82 in chips)
Seat 2: 90b34297 ($36.69 in chips)
Seat 3: 912d24f3 ($10.43 in chips)
Seat 4: 9c302439 ($10.15 in chips)
Seat 5: Hero ($9.93 in chips)
Seat 6: deef66dc ($13.14 in chips)
90b34297: posts small blind $0.05
912d24f3: posts big blind $0.1
*** HOLE CARDS ***
Dealt to 9c075d4d
Dealt to 90b34297
Dealt to 912d24f3
Dealt to 9c302439
Dealt to Hero [5s 2c]
Dealt to deef66dc
9c302439: folds
Hero: folds
deef66dc: folds
9c075d4d: raises $0.15 to $0.25
90b34297: folds
912d24f3: folds
Uncalled bet ($0.15) returned to 9c075d4d
*** SHOWDOWN ***
9c075d4d collected $0.25 from pot
*** SUMMARY ***
Total pot $0.25 | Rake $0 | Jackpot $0 | Bingo $0 | Fortune $0
Seat 1: 9c075d4d (button) collected ($0.25)
Seat 2: 90b34297 (small blind) folded before Flop
Seat 3: 912d24f3 (big blind) folded before Flop
Seat 4: 9c302439 folded before Flop (didn't bet)
Seat 5: Hero folded before Flop (didn't bet)
Seat 6: deef66dc folded before Flop (didn't bet)


Poker Hand #RC1355520017: Hold'em No Limit  ($0.05/$0.1) - 2023/02/20 10:58:58
Table 'RushAndCash12765277' 6-max Seat #1 is the button
Seat 1: Hero ($9.93 in chips)
Seat 2: 4765e38e ($10 in chips)
Seat 3: cba8e988 ($10 in chips)
Seat 4: 2ef39e6d ($10.3 in chips)
Seat 5: 77fcbda ($17.28 in chips)
Seat 6: 5ca5e8bb ($19.46 in chips)
4765e38e: posts small blind $0.05
cba8e988: posts big blind $0.1
*** HOLE CARDS ***
Dealt to Hero [6c Ts]
Dealt to 4765e38e
Dealt to cba8e988
Dealt to 2ef39e6d
Dealt to 77fcbda
Dealt to 5ca5e8bb
2ef39e6d: folds
77fcbda: folds
5ca5e8bb: folds
Hero: folds
4765e38e: raises $0.15 to $0.25
cba8e988: raises $0.75 to $1
4765e38e: folds
Uncalled bet ($0.75) returned to cba8e988
*** SHOWDOWN ***
cba8e988 collected $0.48 from pot
*** SUMMARY ***
Total pot $0.5 | Rake $0.02 | Jackpot $0 | Bingo $0 | Fortune $0
Seat 1: Hero (button) folded before Flop (didn't bet)
Seat 2: 4765e38e (small blind) folded before Flop
Seat 3: cba8e988 (big blind) collected ($0.48)
Seat 4: 2ef39e6d folded before Flop (didn't bet)
Seat 5: 77fcbda folded before Flop (didn't bet)
Seat 6: 5ca5e8bb folded before Flop (didn't bet)


Poker Hand #RC1355519963: Hold'em No Limit  ($0.05/$0.1) - 2023/02/20 10:58:47
Table 'RushAndCash12765223' 6-max Seat #1 is the button
Seat 1: 2fd64c77 ($5.08 in chips)
Seat 2: 68a1a03a ($7.06 in chips)
Seat 3: 6963ca0d ($7.09 in chips)
Seat 4: Hero ($9.93 in chips)
Seat 5: 87760f8 ($44 in chips)
Seat 6: 35ae1175 ($10.99 in chips)
68a1a03a: posts small blind $0.05
6963ca0d: posts big blind $0.1
*** HOLE CARDS ***
Dealt to 2fd64c77
Dealt to 68a1a03a
Dealt to 6963ca0d
Dealt to Hero [6d 7s]
Dealt to 87760f8
Dealt to 35ae1175
Hero: folds
87760f8: folds
35ae1175: folds
2fd64c77: folds
68a1a03a: raises $0.1 to $0.2
6963ca0d: folds
Uncalled bet ($0.1) returned to 68a1a03a
*** SHOWDOWN ***
68a1a03a collected $0.2 from pot
*** SUMMARY ***
Total pot $0.2 | Rake $0 | Jackpot $0 | Bingo $0 | Fortune $0
Seat 1: 2fd64c77 (button) folded before Flop (didn't bet)
Seat 2: 68a1a03a (small blind) collected ($0.2)
Seat 3: 6963ca0d (big blind) folded before Flop
Seat 4: Hero folded before Flop (didn't bet)
Seat 5: 87760f8 folded before Flop (didn't bet)
Seat 6: 35ae1175 folded before Flop (didn't bet)


Poker Hand #RC1355519920: Hold'em No Limit  ($0.05/$0.1) - 2023/02/20 10:58:37
Table 'RushAndCash12765180' 6-max Seat #1 is the button
Seat 1: 26225cca ($10 in chips)
Seat 2: Hero ($9.98 in chips)
Seat 3: cd0747a6 ($10.4 in chips)
Seat 4: abca84d6 ($15.07 in chips)
Seat 5: 18cb54b5 ($10.79 in chips)
Seat 6: 5363d205 ($10.8 in chips)
Hero: posts small blind $0.05
cd0747a6: posts big blind $0.1
*** HOLE CARDS ***
Dealt to 26225cca
Dealt to Hero [3h Td]
Dealt to cd0747a6
Dealt to abca84d6
Dealt to 18cb54b5
Dealt to 5363d205
abca84d6: folds
18cb54b5: folds
5363d205: raises $0.25 to $0.35
26225cca: folds
Hero: folds
cd0747a6: calls $0.25
*** FLOP *** [7h 6d 3s]
cd0747a6: checks
5363d205: bets $0.38
cd0747a6: calls $0.38
*** TURN *** [7h 6d 3s] [9h]
cd0747a6: checks
5363d205: bets $1.51
cd0747a6: folds
Uncalled bet ($1.51) returned to 5363d205
*** SHOWDOWN ***
5363d205 collected $1.44 from pot
*** SUMMARY ***
Total pot $1.51 | Rake $0.07 | Jackpot $0 | Bingo $0 | Fortune $0
Board [7h 6d 3s 9h]
Seat 1: 26225cca (button) folded before Flop (didn't bet)
Seat 2: Hero (small blind) folded before Flop
Seat 3: cd0747a6 (big blind) folded on the Turn
Seat 4: abca84d6 folded before Flop (didn't bet)
Seat 5: 18cb54b5 folded before Flop (didn't bet)
Seat 6: 5363d205 won ($1.44)


Poker Hand #RC1355519585: Hold'em No Limit  ($0.05/$0.1) - 2023/02/20 10:57:22
Table 'RushAndCash12764845' 6-max Seat #1 is the button
Seat 1: 41ca4da0 ($10.41 in chips)
Seat 2: dc9ea1f1 ($10 in chips)
Seat 3: Hero ($9.35 in chips)
Seat 4: 9afbe6d2 ($13.8 in chips)
Seat 5: 5fd3e547 ($39.42 in chips)
Seat 6: a4b70a16 ($20.21 in chips)
dc9ea1f1: posts small blind $0.05
Hero: posts big blind $0.1
*** HOLE CARDS ***
Dealt to 41ca4da0
Dealt to dc9ea1f1
Dealt to Hero [8d 7d]
Dealt to 9afbe6d2
Dealt to 5fd3e547
Dealt to a4b70a16
9afbe6d2: raises $0.15 to $0.25
5fd3e547: folds
a4b70a16: folds
41ca4da0: folds
dc9ea1f1: folds
Hero: calls $0.15
*** FLOP *** [9c 3s 7h]
Hero: checks
9afbe6d2: bets $0.19
Hero: calls $0.19
*** TURN *** [9c 3s 7h] [4c]
Hero: checks
9afbe6d2: checks
*** RIVER *** [9c 3s 7h 4c] [Tc]
Hero: bets $0.2
9afbe6d2: calls $0.2
Hero: shows [8d 7d] (Pair of Sevens)
9afbe6d2: shows [Ad 3d] (Pair of Treys)
*** SHOWDOWN ***
Hero collected $1.27 from pot
*** SUMMARY ***
Total pot $1.33 | Rake $0.06 | Jackpot $0 | Bingo $0 | Fortune $0
Board [9c 3s 7h 4c Tc]
Seat 1: 41ca4da0 (button) folded before Flop (didn't bet)
Seat 2: dc9ea1f1 (small blind) folded before Flop
Seat 3: Hero (big blind) showed [8d 7d] and won ($1.27) with Pair of Sevens
Seat 4: 9afbe6d2 showed [Ad 3d] and lost with Pair of Treys
Seat 5: 5fd3e547 folded before Flop (didn't bet)
Seat 6: a4b70a16 folded before Flop (didn't bet)


Poker Hand #RC1355519564: Hold'em No Limit  ($0.05/$0.1) - 2023/02/20 10:57:17
Table 'RushAndCash12764824' 6-max Seat #1 is the button
Seat 1: 3b268cf6 ($26.59 in chips)
Seat 2: 519ed822 ($32.69 in chips)
Seat 3: a15df828 ($11.5 in chips)
Seat 4: Hero ($9.35 in chips)
Seat 5: 5ac4d709 ($15.12 in chips)
Seat 6: e46caa3c ($19.36 in chips)
519ed822: posts small blind $0.05
a15df828: posts big blind $0.1
*** HOLE CARDS ***
Dealt to 3b268cf6
Dealt to 519ed822
Dealt to a15df828
Dealt to Hero [Ad 6s]
Dealt to 5ac4d709
Dealt to e46caa3c
Hero: folds
5ac4d709: folds
e46caa3c: folds
3b268cf6: folds
519ed822: folds
Uncalled bet ($0.05) returned to a15df828
*** SHOWDOWN ***
a15df828 collected $0.1 from pot
*** SUMMARY ***
Total pot $0.1 | Rake $0 | Jackpot $0 | Bingo $0 | Fortune $0
Seat 1: 3b268cf6 (button) folded before Flop (didn't bet)
Seat 2: 519ed822 (small blind) folded before Flop
Seat 3: a15df828 (big blind) collected ($0.1)
Seat 4: Hero folded before Flop (didn't bet)
Seat 5: 5ac4d709 folded before Flop (didn't bet)
Seat 6: e46caa3c folded before Flop (didn't bet)


Poker Hand #RC1355519518: Hold'em No Limit  ($0.05/$0.1) - 2023/02/20 10:57:07
Table 'RushAndCash12764778' 6-max Seat #1 is the button
Seat 1: e971aaf6 ($11.2 in chips)
Seat 2: be28ef39 ($10.4 in chips)
Seat 3: c0ca8635 ($40.1 in chips)
Seat 4: Hero ($9.35 in chips)
Seat 5: 9f6d60fa ($12.32 in chips)
Seat 6: c8edb598 ($10.15 in chips)
be28ef39: posts small blind $0.05
c0ca8635: posts big blind $0.1
*** HOLE CARDS ***
Dealt to e971aaf6
Dealt to be28ef39
Dealt to c0ca8635
Dealt to Hero [5s 2h]
Dealt to 9f6d60fa
Dealt to c8edb598
Hero: folds
9f6d60fa: raises $0.15 to $0.25
c8edb598: folds
e971aaf6: calls $0.25
be28ef39: raises $1.05 to $1.3
c0ca8635: folds
9f6d60fa: folds
e971aaf6: folds
Uncalled bet ($1.05) returned to be28ef39
*** SHOWDOWN ***
be28ef39 collected $0.81 from pot
*** SUMMARY ***
Total pot $0.85 | Rake $0.04 | Jackpot $0 | Bingo $0 | Fortune $0
Seat 1: e971aaf6 (button) folded before Flop
Seat 2: be28ef39 (small blind) collected ($0.81)
Seat 3: c0ca8635 (big blind) folded before Flop
Seat 4: Hero folded before Flop (didn't bet)
Seat 5: 9f6d60fa folded before Flop
Seat 6: c8edb598 folded before Flop (didn't bet)


Poker Hand #RC1355519458: Hold'em No Limit  ($0.05/$0.1) - 2023/02/20 10:56:55
Table 'RushAndCash12764718' 6-max Seat #1 is the button
Seat 1: c2bb4118 ($11 in chips)
Seat 2: 9c302439 ($10 in chips)
Seat 3: f06a9bb7 ($11.25 in chips)
Seat 4: 75e46f84 ($8.78 in chips)
Seat 5: Hero ($9.35 in chips)
Seat 6: bd7cfa0e ($26.87 in chips)
9c302439: posts small blind $0.05
f06a9bb7: posts big blind $0.1
*** HOLE CARDS ***
Dealt to c2bb4118
Dealt to 9c302439
Dealt to f06a9bb7
Dealt to 75e46f84
Dealt to Hero [9h Qs]
Dealt to bd7cfa0e
75e46f84: folds
Hero: folds
bd7cfa0e: raises $0.15 to $0.25
c2bb4118: folds
9c302439: folds
f06a9bb7: calls $0.15
*** FLOP *** [Jh 3s 8s]
f06a9bb7: checks
bd7cfa0e: checks
*** TURN *** [Jh 3s 8s] [Kd]
f06a9bb7: checks
bd7cfa0e: checks
*** RIVER *** [Jh 3s 8s Kd] [4h]
f06a9bb7: bets $0.28
bd7cfa0e: folds
Uncalled bet ($0.28) returned to f06a9bb7
*** SHOWDOWN ***
f06a9bb7 collected $0.53 from pot
*** SUMMARY ***
Total pot $0.55 | Rake $0.02 | Jackpot $0 | Bingo $0 | Fortune $0
Board [Jh 3s 8s Kd 4h]
Seat 1: c2bb4118 (button) folded before Flop (didn't bet)
Seat 2: 9c302439 (small blind) folded before Flop
Seat 3: f06a9bb7 (big blind) won ($0.53)
Seat 4: 75e46f84 folded before Flop (didn't bet)
Seat 5: Hero folded before Flop (didn't bet)
Seat 6: bd7cfa0e folded on the River


Poker Hand #RC1355519423: Hold'em No Limit  ($0.05/$0.1) - 2023/02/20 10:56:47
Table 'RushAndCash12764683' 6-max Seat #1 is the button
Seat 1: 3d7fd3d2 ($13.03 in chips)
Seat 2: Hero ($9.4 in chips)
Seat 3: c8edb598 ($10.25 in chips)
Seat 4: 936b9aaa ($16.29 in chips)
Seat 5: bd7cfa0e ($26.87 in chips)
Seat 6: afc42c8c ($10.09 in chips)
Hero: posts small blind $0.05
c8edb598: posts big blind $0.1
*** HOLE CARDS ***
Dealt to 3d7fd3d2
Dealt to Hero [Jd 6s]
Dealt to c8edb598
Dealt to 936b9aaa
Dealt to bd7cfa0e
Dealt to afc42c8c
936b9aaa: raises $0.13 to $0.23
bd7cfa0e: folds
afc42c8c: folds
3d7fd3d2: raises $0.63 to $0.86
Hero: folds
c8edb598: folds
936b9aaa: folds
Uncalled bet ($0.63) returned to 3d7fd3d2
*** SHOWDOWN ***
3d7fd3d2 collected $0.58 from pot
*** SUMMARY ***
Total pot $0.61 | Rake $0.03 | Jackpot $0 | Bingo $0 | Fortune $0
Seat 1: 3d7fd3d2 (button) collected ($0.58)
Seat 2: Hero (small blind) folded before Flop
Seat 3: c8edb598 (big blind) folded before Flop
Seat 4: 936b9aaa folded before Flop
Seat 5: bd7cfa0e folded before Flop (didn't bet)
Seat 6: afc42c8c folded before Flop (didn't bet)


Poker Hand #RC1355519393: Hold'em No Limit  ($0.05/$0.1) - 2023/02/20 10:56:41
Table 'RushAndCash12764653' 6-max Seat #1 is the button
Seat 1: Hero ($9.4 in chips)
Seat 2: 9a9f8a17 ($10.23 in chips)
Seat 3: 8cce4ce2 ($11.76 in chips)
Seat 4: e7b47201 ($42.96 in chips)
Seat 5: 28bb886e ($10.24 in chips)
Seat 6: 2aae2386 ($12.55 in chips)
9a9f8a17: posts small blind $0.05
8cce4ce2: posts big blind $0.1
*** HOLE CARDS ***
Dealt to Hero [Jd 8s]
Dealt to 9a9f8a17
Dealt to 8cce4ce2
Dealt to e7b47201
Dealt to 28bb886e
Dealt to 2aae2386
e7b47201: folds
28bb886e: folds
2aae2386: raises $0.1 to $0.2
Hero: folds
9a9f8a17: folds
8cce4ce2: folds
Uncalled bet ($0.1) returned to 2aae2386
*** SHOWDOWN ***
2aae2386 collected $0.25 from pot
*** SUMMARY ***
Total pot $0.25 | Rake $0 | Jackpot $0 | Bingo $0 | Fortune $0
Seat 1: Hero (button) folded before Flop (didn't bet)
Seat 2: 9a9f8a17 (small blind) folded before Flop
Seat 3: 8cce4ce2 (big blind) folded before Flop
Seat 4: e7b47201 folded before Flop (didn't bet)
Seat 5: 28bb886e folded before Flop (didn't bet)
Seat 6: 2aae2386 collected ($0.25)


Poker Hand #RC1355519315: Hold'em No Limit  ($0.05/$0.1) - 2023/02/20 10:56:26
Table 'RushAndCash12764575' 6-max Seat #1 is the button
Seat 1: 50e7066b ($11.93 in chips)
Seat 2: 396dbad ($10 in chips)
Seat 3: Hero ($9.5 in chips)
Seat 4: 3d7fd3d2 ($13.03 in chips)
Seat 5: c2bb4118 ($10.95 in chips)
Seat 6: df2d0ceb ($14.54 in chips)
396dbad: posts small blind $0.05
Hero: posts big blind $0.1
*** HOLE CARDS ***
Dealt to 50e7066b
Dealt to 396dbad
Dealt to Hero [4c 7h]
Dealt to 3d7fd3d2
Dealt to c2bb4118
Dealt to df2d0ceb
3d7fd3d2: folds
c2bb4118: raises $0.11 to $0.21
df2d0ceb: folds
50e7066b: folds
396dbad: folds
Hero: folds
Uncalled bet ($0.11) returned to c2bb4118
*** SHOWDOWN ***
c2bb4118 collected $0.25 from pot
*** SUMMARY ***
Total pot $0.25 | Rake $0 | Jackpot $0 | Bingo $0 | Fortune $0
Seat 1: 50e7066b (button) folded before Flop (didn't bet)
Seat 2: 396dbad (small blind) folded before Flop
Seat 3: Hero (big blind) folded before Flop
Seat 4: 3d7fd3d2 folded before Flop (didn't bet)
Seat 5: c2bb4118 collected ($0.25)
Seat 6: df2d0ceb folded before Flop (didn't bet)


Poker Hand #RC1355519286: Hold'em No Limit  ($0.05/$0.1) - 2023/02/20 10:56:20
Table 'RushAndCash12764546' 6-max Seat #1 is the button
Seat 1: 2660005c ($10 in chips)
Seat 2: 6097dab0 ($10.15 in chips)
Seat 3: 6c2cdc88 ($24.01 in chips)
Seat 4: Hero ($9.5 in chips)
Seat 5: 9c075d4d ($12.67 in chips)
Seat 6: 36a911f3 ($11.19 in chips)
6097dab0: posts small blind $0.05
6c2cdc88: posts big blind $0.1
*** HOLE CARDS ***
Dealt to 2660005c
Dealt to 6097dab0
Dealt to 6c2cdc88
Dealt to Hero [4c Kc]
Dealt to 9c075d4d
Dealt to 36a911f3
Hero: folds
9c075d4d: folds
36a911f3: folds
2660005c: folds
6097dab0: raises $0.2 to $0.3
6c2cdc88: calls $0.2
*** FLOP *** [5c 5s 9s]
6097dab0: bets $0.3
6c2cdc88: calls $0.3
*** TURN *** [5c 5s 9s] [7c]
6097dab0: bets $0.6
6c2cdc88: raises $1.1 to $1.7
6097dab0: calls $1.1
*** RIVER *** [5c 5s 9s 7c] [4d]
6097dab0: checks
6c2cdc88: bets $2.3
6097dab0: calls $2.3
6c2cdc88: shows [6c As] (Pair of Fives)
6097dab0: shows [7s Ah] (Pair of Sevens and Pair of Fives)
*** SHOWDOWN ***
6097dab0 collected $8.75 from pot
*** SUMMARY ***
Total pot $9.2 | Rake $0.3 | Jackpot $0.15 | Bingo $0 | Fortune $0
Board [5c 5s 9s 7c 4d]
Seat 1: 2660005c (button) folded before Flop (didn't bet)
Seat 2: 6097dab0 (small blind) showed [7s Ah] and won ($8.75) with Pair of Sevens and Pair of Fives
Seat 3: 6c2cdc88 (big blind) showed [6c As] and lost with Pair of Fives
Seat 4: Hero folded before Flop (didn't bet)
Seat 5: 9c075d4d folded before Flop (didn't bet)
Seat 6: 36a911f3 folded before Flop (didn't bet)


Poker Hand #RC1355519143: Hold'em No Limit  ($0.05/$0.1) - 2023/02/20 10:55:49
Table 'RushAndCash12764403' 6-max Seat #1 is the button
Seat 1: 36a911f3 ($10.82 in chips)
Seat 2: 5852a809 ($9.91 in chips)
Seat 3: 6c6e801e ($3.73 in chips)
Seat 4: cd0747a6 ($10.1 in chips)
Seat 5: 5e7ed2cf ($9.3 in chips)
Seat 6: Hero ($9.75 in chips)
5852a809: posts small blind $0.05
6c6e801e: posts big blind $0.1
*** HOLE CARDS ***
Dealt to 36a911f3
Dealt to 5852a809
Dealt to 6c6e801e
Dealt to cd0747a6
Dealt to 5e7ed2cf
Dealt to Hero [8d Ad]
cd0747a6: folds
5e7ed2cf: folds
Hero: raises $0.15 to $0.25
36a911f3: raises $0.49 to $0.74
5852a809: folds
6c6e801e: folds
Hero: folds
Uncalled bet ($0.49) returned to 36a911f3
*** SHOWDOWN ***
36a911f3 collected $0.62 from pot
*** SUMMARY ***
Total pot $0.65 | Rake $0.03 | Jackpot $0 | Bingo $0 | Fortune $0
Seat 1: 36a911f3 (button) collected ($0.62)
Seat 2: 5852a809 (small blind) folded before Flop
Seat 3: 6c6e801e (big blind) folded before Flop
Seat 4: cd0747a6 folded before Flop (didn't bet)
Seat 5: 5e7ed2cf folded before Flop (didn't bet)
Seat 6: Hero folded before Flop


Poker Hand #RC1355519126: Hold'em No Limit  ($0.05/$0.1) - 2023/02/20 10:55:44
Table 'RushAndCash12764386' 6-max Seat #1 is the button
Seat 1: ae622a7e ($13.09 in chips)
Seat 2: 3cffe573 ($8.56 in chips)
Seat 3: 5990c23e ($15.24 in chips)
Seat 4: Hero ($9.75 in chips)
Seat 5: 647ecac7 ($13.37 in chips)
Seat 6: 386598f0 ($39.15 in chips)
3cffe573: posts small blind $0.05
5990c23e: posts big blind $0.1
*** HOLE CARDS ***
Dealt to ae622a7e
Dealt to 3cffe573
Dealt to 5990c23e
Dealt to Hero [4h 5d]
Dealt to 647ecac7
Dealt to 386598f0
Hero: folds
647ecac7: folds
386598f0: folds
ae622a7e: folds
3cffe573: folds
Uncalled bet ($0.05) returned to 5990c23e
*** SHOWDOWN ***
5990c23e collected $0.1 from pot
*** SUMMARY ***
Total pot $0.1 | Rake $0 | Jackpot $0 | Bingo $0 | Fortune $0
Seat 1: ae622a7e (button) folded before Flop (didn't bet)
Seat 2: 3cffe573 (small blind) folded before Flop
Seat 3: 5990c23e (big blind) collected ($0.1)
Seat 4: Hero folded before Flop (didn't bet)
Seat 5: 647ecac7 folded before Flop (didn't bet)
Seat 6: 386598f0 folded before Flop (didn't bet)


Poker Hand #RC1355519095: Hold'em No Limit  ($0.05/$0.1) - 2023/02/20 10:55:37
Table 'RushAndCash12764355' 6-max Seat #1 is the button
Seat 1: 5852a809 ($9.76 in chips)
Seat 2: 9a9f8a17 ($10.53 in chips)
Seat 3: ddd95738 ($13.61 in chips)
Seat 4: 58b51024 ($10 in chips)
Seat 5: 4bf8d5e5 ($10 in chips)
Seat 6: Hero ($9.75 in chips)
9a9f8a17: posts small blind $0.05
ddd95738: posts big blind $0.1
*** HOLE CARDS ***
Dealt to 5852a809
Dealt to 9a9f8a17
Dealt to ddd95738
Dealt to 58b51024
Dealt to 4bf8d5e5
Dealt to Hero [8d 5d]
58b51024: folds
4bf8d5e5: folds
Hero: folds
5852a809: raises $0.12 to $0.22
9a9f8a17: folds
ddd95738: folds
Uncalled bet ($0.12) returned to 5852a809
*** SHOWDOWN ***
5852a809 collected $0.25 from pot
*** SUMMARY ***
Total pot $0.25 | Rake $0 | Jackpot $0 | Bingo $0 | Fortune $0
Seat 1: 5852a809 (button) collected ($0.25)
Seat 2: 9a9f8a17 (small blind) folded before Flop
Seat 3: ddd95738 (big blind) folded before Flop
Seat 4: 58b51024 folded before Flop (didn't bet)
Seat 5: 4bf8d5e5 folded before Flop (didn't bet)
Seat 6: Hero folded before Flop (didn't bet)


Poker Hand #RC1355518538: Hold'em No Limit  ($0.05/$0.1) - 2023/02/20 10:53:34
Table 'RushAndCash12763798' 6-max Seat #1 is the button
Seat 1: efde04d8 ($24.36 in chips)
Seat 2: Hero ($10 in chips)
Seat 3: 1f655a7 ($13.18 in chips)
Seat 4: edfcd644 ($14.02 in chips)
Seat 5: 4cd74d6a ($10.68 in chips)
Seat 6: b313dfa0 ($9.26 in chips)
Hero: posts small blind $0.05
1f655a7: posts big blind $0.1
*** HOLE CARDS ***
Dealt to efde04d8
Dealt to Hero [Kh 4d]
Dealt to 1f655a7
Dealt to edfcd644
Dealt to 4cd74d6a
Dealt to b313dfa0
edfcd644: folds
4cd74d6a: folds
b313dfa0: folds
efde04d8: folds
Hero: raises $0.15 to $0.25
1f655a7: calls $0.15
*** FLOP *** [2s 8s 9d]
Hero: checks
1f655a7: bets $0.2
Hero: folds
Uncalled bet ($0.2) returned to 1f655a7
*** SHOWDOWN ***
1f655a7 collected $0.48 from pot
*** SUMMARY ***
Total pot $0.5 | Rake $0.02 | Jackpot $0 | Bingo $0 | Fortune $0
Board [2s 8s 9d]
Seat 1: efde04d8 (button) folded before Flop (didn't bet)
Seat 2: Hero (small blind) folded on the Flop
Seat 3: 1f655a7 (big blind) won ($0.48)
Seat 4: edfcd644 folded before Flop (didn't bet)
Seat 5: 4cd74d6a folded before Flop (didn't bet)
Seat 6: b313dfa0 folded before Flop (didn't bet)


Poker Hand #RC1355518181: Hold'em No Limit  ($0.05/$0.1) - 2023/02/20 10:52:16
Table 'RushAndCash12763441' 6-max Seat #1 is the button
Seat 1: a53fa72 ($10 in chips)
Seat 2: ec987f1 ($8.44 in chips)
Seat 3: Hero ($9.75 in chips)
Seat 4: 9b0ef591 ($10.64 in chips)
Seat 5: 8c069568 ($10.15 in chips)
Seat 6: 2646300f ($7.03 in chips)
ec987f1: posts small blind $0.05
Hero: posts big blind $0.1
*** HOLE CARDS ***
Dealt to a53fa72
Dealt to ec987f1
Dealt to Hero [Ah Qh]
Dealt to 9b0ef591
Dealt to 8c069568
Dealt to 2646300f
9b0ef591: folds
8c069568: raises $0.12 to $0.22
2646300f: folds
a53fa72: folds
ec987f1: folds
Hero: raises $0.68 to $0.9
8c069568: folds
Uncalled bet ($0.68) returned to Hero
*** SHOWDOWN ***
Hero collected $0.47 from pot
*** SUMMARY ***
Total pot $0.49 | Rake $0.02 | Jackpot $0 | Bingo $0 | Fortune $0
Seat 1: a53fa72 (button) folded before Flop (didn't bet)
Seat 2: ec987f1 (small blind) folded before Flop
Seat 3: Hero (big blind) collected ($0.47)
Seat 4: 9b0ef591 folded before Flop (didn't bet)
Seat 5: 8c069568 folded before Flop
Seat 6: 2646300f folded before Flop (didn't bet)


Poker Hand #RC1355518123: Hold'em No Limit  ($0.05/$0.1) - 2023/02/20 10:52:04
Table 'RushAndCash12763383' 6-max Seat #1 is the button
Seat 1: Hero ($9.75 in chips)
Seat 2: 50759ba4 ($10.22 in chips)
Seat 3: 1b2bec1e ($11.09 in chips)
Seat 4: a98c3a8f ($7.48 in chips)
Seat 5: 7575b15f ($13.69 in chips)
Seat 6: 79ceb767 ($11.64 in chips)
50759ba4: posts small blind $0.05
1b2bec1e: posts big blind $0.1
*** HOLE CARDS ***
Dealt to Hero [Ac 3h]
Dealt to 50759ba4
Dealt to 1b2bec1e
Dealt to a98c3a8f
Dealt to 7575b15f
Dealt to 79ceb767
a98c3a8f: raises $0.15 to $0.25
7575b15f: folds
79ceb767: raises $0.55 to $0.8
Hero: folds
50759ba4: folds
1b2bec1e: folds
a98c3a8f: raises $0.88 to $1.68
79ceb767: calls $0.88
*** FLOP *** [Js 7c 9c]
a98c3a8f: bets $5.8 and is all-in
79ceb767: calls $5.8
a98c3a8f: shows [Qc Qd] (Pair of Queens)
79ceb767: shows [Jh Qh] (Pair of Jacks)
*** FIRST TURN *** [Js 7c 9c] [5c]
*** FIRST RIVER *** [Js 7c 9c 5c] [6h]
*** SECOND TURN *** [Js 7c 9c] [Tc]
*** SECOND RIVER *** [Js 7c 9c Tc] [4h]
*** THIRD TURN *** [Js 7c 9c] [7h]
*** THIRD RIVER *** [Js 7c 9c 7h] [Kh]
*** FIRST SHOWDOWN ***
a98c3a8f collected $4.91 from pot
*** SECOND SHOWDOWN ***
a98c3a8f collected $4.89 from pot
*** THIRD SHOWDOWN ***
a98c3a8f collected $4.89 from pot
*** SUMMARY ***
Total pot $15.11 | Rake $0.27 | Jackpot $0.15 | Bingo $0 | Fortune $0
Hand was run three times
FIRST Board [Js 7c 9c 5c 6h]
SECOND Board [Tc 4h]
THIRD Board [7h Kh]
Seat 1: Hero (button) folded before Flop (didn't bet)
Seat 2: 50759ba4 (small blind) folded before Flop
Seat 3: 1b2bec1e (big blind) folded before Flop
Seat 4: a98c3a8f showed [Qc Qd] and won ($4.91) with Pair of Queens, and won ($4.89), and won ($4.89)
Seat 5: 7575b15f folded before Flop (didn't bet)
Seat 6: 79ceb767 showed [Jh Qh] and lost with Pair of Jacks, and lost, and lost


Poker Hand #RC1355518085: Hold'em No Limit  ($0.05/$0.1) - 2023/02/20 10:51:55
Table 'RushAndCash12763345' 6-max Seat #1 is the button
Seat 1: ec09c507 ($34.86 in chips)
Seat 2: d27250b7 ($20.64 in chips)
Seat 3: d813dd43 ($20.94 in chips)
Seat 4: 33b512c7 ($18.34 in chips)
Seat 5: dde8665a ($15.76 in chips)
Seat 6: Hero ($9.75 in chips)
d27250b7: posts small blind $0.05
d813dd43: posts big blind $0.1
*** HOLE CARDS ***
Dealt to ec09c507
Dealt to d27250b7
Dealt to d813dd43
Dealt to 33b512c7
Dealt to dde8665a
Dealt to Hero [3h Tc]
33b512c7: folds
dde8665a: folds
Hero: folds
ec09c507: folds
d27250b7: folds
Uncalled bet ($0.05) returned to d813dd43
*** SHOWDOWN ***
d813dd43 collected $0.1 from pot
*** SUMMARY ***
Total pot $0.1 | Rake $0 | Jackpot $0 | Bingo $0 | Fortune $0
Seat 1: ec09c507 (button) folded before Flop (didn't bet)
Seat 2: d27250b7 (small blind) folded before Flop
Seat 3: d813dd43 (big blind) collected ($0.1)
Seat 4: 33b512c7 folded before Flop (didn't bet)
Seat 5: dde8665a folded before Flop (didn't bet)
Seat 6: Hero folded before Flop (didn't bet)


Poker Hand #RC1355518066: Hold'em No Limit  ($0.05/$0.1) - 2023/02/20 10:51:51
Table 'RushAndCash12763326' 6-max Seat #1 is the button
Seat 1: dde8665a ($15.76 in chips)
Seat 2: fbc97c74 ($35.22 in chips)
Seat 3: 20522a5f ($10.58 in chips)
Seat 4: 480f6c7f ($13.87 in chips)
Seat 5: a4768268 ($10.48 in chips)
Seat 6: Hero ($9.75 in chips)
fbc97c74: posts small blind $0.05
20522a5f: posts big blind $0.1
*** HOLE CARDS ***
Dealt to dde8665a
Dealt to fbc97c74
Dealt to 20522a5f
Dealt to 480f6c7f
Dealt to a4768268
Dealt to Hero [Qc 7h]
480f6c7f: raises $0.15 to $0.25
a4768268: folds
Hero: folds
dde8665a: folds
fbc97c74: folds
20522a5f: folds
Uncalled bet ($0.15) returned to 480f6c7f
*** SHOWDOWN ***
480f6c7f collected $0.25 from pot
*** SUMMARY ***
Total pot $0.25 | Rake $0 | Jackpot $0 | Bingo $0 | Fortune $0
Seat 1: dde8665a (button) folded before Flop (didn't bet)
Seat 2: fbc97c74 (small blind) folded before Flop
Seat 3: 20522a5f (big blind) folded before Flop
Seat 4: 480f6c7f collected ($0.25)
Seat 5: a4768268 folded before Flop (didn't bet)
Seat 6: Hero folded before Flop (didn't bet)


Poker Hand #RC1355518049: Hold'em No Limit  ($0.05/$0.1) - 2023/02/20 10:51:47
Table 'RushAndCash12763309' 6-max Seat #1 is the button
Seat 1: Hero ($9.75 in chips)
Seat 2: 9b5de020 ($10 in chips)
Seat 3: 8bd6ad19 ($11.9 in chips)
Seat 4: 480f6c7f ($13.87 in chips)
Seat 5: 4438a74d ($12.39 in chips)
Seat 6: 32fdfdec ($12.29 in chips)
9b5de020: posts small blind $0.05
8bd6ad19: posts big blind $0.1
*** HOLE CARDS ***
Dealt to Hero [Qd 5h]
Dealt to 9b5de020
Dealt to 8bd6ad19
Dealt to 480f6c7f
Dealt to 4438a74d
Dealt to 32fdfdec
480f6c7f: folds
4438a74d: folds
32fdfdec: folds
Hero: folds
9b5de020: raises $0.2 to $0.3
8bd6ad19: calls $0.2
*** FLOP *** [Jh 3c 9d]
9b5de020: bets $0.45
8bd6ad19: folds
Uncalled bet ($0.45) returned to 9b5de020
*** SHOWDOWN ***
9b5de020 collected $0.57 from pot
*** SUMMARY ***
Total pot $0.6 | Rake $0.03 | Jackpot $0 | Bingo $0 | Fortune $0
Board [Jh 3c 9d]
Seat 1: Hero (button) folded before Flop (didn't bet)
Seat 2: 9b5de020 (small blind) won ($0.57)
Seat 3: 8bd6ad19 (big blind) folded on the Flop
Seat 4: 480f6c7f folded before Flop (didn't bet)
Seat 5: 4438a74d folded before Flop (didn't bet)
Seat 6: 32fdfdec folded before Flop (didn't bet)


Poker Hand #RC1355517998: Hold'em No Limit  ($0.05/$0.1) - 2023/02/20 10:51:36
Table 'RushAndCash12763258' 6-max Seat #1 is the button
Seat 1: 723e4515 ($8.11 in chips)
Seat 2: Hero ($9.8 in chips)
Seat 3: df2d0ceb ($13.84 in chips)
Seat 4: 87760f8 ($42.96 in chips)
Seat 5: b5bc718e ($14.16 in chips)
Seat 6: dc9ea1f1 ($17.95 in chips)
Hero: posts small blind $0.05
df2d0ceb: posts big blind $0.1
*** HOLE CARDS ***
Dealt to 723e4515
Dealt to Hero [5s Qh]
Dealt to df2d0ceb
Dealt to 87760f8
Dealt to b5bc718e
Dealt to dc9ea1f1
87760f8: folds
b5bc718e: raises $0.11 to $0.21
dc9ea1f1: folds
723e4515: folds
Hero: folds
df2d0ceb: calls $0.11
*** FLOP *** [Td 4h 2c]
df2d0ceb: checks
b5bc718e: bets $0.19
df2d0ceb: calls $0.19
*** TURN *** [Td 4h 2c] [2d]
df2d0ceb: checks
b5bc718e: checks
*** RIVER *** [Td 4h 2c 2d] [Kd]
df2d0ceb: checks
b5bc718e: bets $0.34
df2d0ceb: folds
Uncalled bet ($0.34) returned to b5bc718e
*** SHOWDOWN ***
b5bc718e collected $0.81 from pot
*** SUMMARY ***
Total pot $0.85 | Rake $0.04 | Jackpot $0 | Bingo $0 | Fortune $0
Board [Td 4h 2c 2d Kd]
Seat 1: 723e4515 (button) folded before Flop (didn't bet)
Seat 2: Hero (small blind) folded before Flop
Seat 3: df2d0ceb (big blind) folded on the River
Seat 4: 87760f8 folded before Flop (didn't bet)
Seat 5: b5bc718e won ($0.81)
Seat 6: dc9ea1f1 folded before Flop (didn't bet)


Poker Hand #RC1355517898: Hold'em No Limit  ($0.05/$0.1) - 2023/02/20 10:51:15
Table 'RushAndCash12763158' 6-max Seat #1 is the button
Seat 1: 92cd9c58 ($13.02 in chips)
Seat 2: de8b0a19 ($6.55 in chips)
Seat 3: Hero ($9.9 in chips)
Seat 4: aaef56cc ($10.75 in chips)
Seat 5: 18fa65d7 ($19.27 in chips)
Seat 6: 72093c61 ($22.87 in chips)
de8b0a19: posts small blind $0.05
Hero: posts big blind $0.1
*** HOLE CARDS ***
Dealt to 92cd9c58
Dealt to de8b0a19
Dealt to Hero [3h 6h]
Dealt to aaef56cc
Dealt to 18fa65d7
Dealt to 72093c61
aaef56cc: raises $0.12 to $0.22
18fa65d7: folds
72093c61: folds
92cd9c58: folds
de8b0a19: folds
Hero: folds
Uncalled bet ($0.12) returned to aaef56cc
*** SHOWDOWN ***
aaef56cc collected $0.25 from pot
*** SUMMARY ***
Total pot $0.25 | Rake $0 | Jackpot $0 | Bingo $0 | Fortune $0
Seat 1: 92cd9c58 (button) folded before Flop (didn't bet)
Seat 2: de8b0a19 (small blind) folded before Flop
Seat 3: Hero (big blind) folded before Flop
Seat 4: aaef56cc collected ($0.25)
Seat 5: 18fa65d7 folded before Flop (didn't bet)
Seat 6: 72093c61 folded before Flop (didn't bet)


Poker Hand #RC1355517848: Hold'em No Limit  ($0.05/$0.1) - 2023/02/20 10:51:04
Table 'RushAndCash12763108' 6-max Seat #1 is the button
Seat 1: 77153f55 ($11.3 in chips)
Seat 2: 480f6c7f ($13.99 in chips)
Seat 3: 348bc36f ($9.36 in chips)
Seat 4: Hero ($9.75 in chips)
Seat 5: 33b512c7 ($18.34 in chips)
Seat 6: 57eeaeb7 ($13.58 in chips)
480f6c7f: posts small blind $0.05
348bc36f: posts big blind $0.1
*** HOLE CARDS ***
Dealt to 77153f55
Dealt to 480f6c7f
Dealt to 348bc36f
Dealt to Hero [Jd Kd]
Dealt to 33b512c7
Dealt to 57eeaeb7
Hero: raises $0.15 to $0.25
33b512c7: folds
57eeaeb7: folds
77153f55: folds
480f6c7f: folds
348bc36f: folds
Uncalled bet ($0.15) returned to Hero
*** SHOWDOWN ***
Hero collected $0.25 from pot
*** SUMMARY ***
Total pot $0.25 | Rake $0 | Jackpot $0 | Bingo $0 | Fortune $0
Seat 1: 77153f55 (button) folded before Flop (didn't bet)
Seat 2: 480f6c7f (small blind) folded before Flop
Seat 3: 348bc36f (big blind) folded before Flop
Seat 4: Hero collected ($0.25)
Seat 5: 33b512c7 folded before Flop (didn't bet)
Seat 6: 57eeaeb7 folded before Flop (didn't bet)


Poker Hand #RC1355517830: Hold'em No Limit  ($0.05/$0.1) - 2023/02/20 10:51:00
Table 'RushAndCash12763090' 6-max Seat #1 is the button
Seat 1: 83d7aee7 ($23.09 in chips)
Seat 2: d10075d3 ($18.39 in chips)
Seat 3: 77fcbda ($12.12 in chips)
Seat 4: cd545217 ($10 in chips)
Seat 5: Hero ($9.75 in chips)
Seat 6: e86a506c ($12.23 in chips)
d10075d3: posts small blind $0.05
77fcbda: posts big blind $0.1
*** HOLE CARDS ***
Dealt to 83d7aee7
Dealt to d10075d3
Dealt to 77fcbda
Dealt to cd545217
Dealt to Hero [7c 6h]
Dealt to e86a506c
cd545217: folds
Hero: folds
e86a506c: raises $0.15 to $0.25
83d7aee7: folds
d10075d3: folds
77fcbda: calls $0.15
*** FLOP *** [As 8c 8d]
77fcbda: checks
e86a506c: bets $0.19
77fcbda: folds
Uncalled bet ($0.19) returned to e86a506c
*** SHOWDOWN ***
e86a506c collected $0.53 from pot
*** SUMMARY ***
Total pot $0.55 | Rake $0.02 | Jackpot $0 | Bingo $0 | Fortune $0
Board [As 8c 8d]
Seat 1: 83d7aee7 (button) folded before Flop (didn't bet)
Seat 2: d10075d3 (small blind) folded before Flop
Seat 3: 77fcbda (big blind) folded on the Flop
Seat 4: cd545217 folded before Flop (didn't bet)
Seat 5: Hero folded before Flop (didn't bet)
Seat 6: e86a506c won ($0.53)


Poker Hand #RC1355517807: Hold'em No Limit  ($0.05/$0.1) - 2023/02/20 10:50:55
Table 'RushAndCash12763067' 6-max Seat #1 is the button
Seat 1: e971aaf6 ($11.46 in chips)
Seat 2: 9b0ef591 ($12.62 in chips)
Seat 3: 480f6c7f ($14.09 in chips)
Seat 4: Hero ($9.75 in chips)
Seat 5: 4d664aa9 ($26.83 in chips)
Seat 6: deef66dc ($13.83 in chips)
9b0ef591: posts small blind $0.05
480f6c7f: posts big blind $0.1
*** HOLE CARDS ***
Dealt to e971aaf6
Dealt to 9b0ef591
Dealt to 480f6c7f
Dealt to Hero [5d As]
Dealt to 4d664aa9
Dealt to deef66dc
Hero: folds
4d664aa9: folds
deef66dc: folds
e971aaf6: folds
9b0ef591: folds
Uncalled bet ($0.05) returned to 480f6c7f
*** SHOWDOWN ***
480f6c7f collected $0.1 from pot
*** SUMMARY ***
Total pot $0.1 | Rake $0 | Jackpot $0 | Bingo $0 | Fortune $0
Seat 1: e971aaf6 (button) folded before Flop (didn't bet)
Seat 2: 9b0ef591 (small blind) folded before Flop
Seat 3: 480f6c7f (big blind) collected ($0.1)
Seat 4: Hero folded before Flop (didn't bet)
Seat 5: 4d664aa9 folded before Flop (didn't bet)
Seat 6: deef66dc folded before Flop (didn't bet)


Poker Hand #RC1355517769: Hold'em No Limit  ($0.05/$0.1) - 2023/02/20 10:50:46
Table 'RushAndCash12763029' 6-max Seat #1 is the button
Seat 1: bf90b90e ($10.25 in chips)
Seat 2: a4b70a16 ($37.08 in chips)
Seat 3: 76f16531 ($10.8 in chips)
Seat 4: 480f6c7f ($14.09 in chips)
Seat 5: 647ecac7 ($11.47 in chips)
Seat 6: Hero ($9.75 in chips)
a4b70a16: posts small blind $0.05
76f16531: posts big blind $0.1
*** HOLE CARDS ***
Dealt to bf90b90e
Dealt to a4b70a16
Dealt to 76f16531
Dealt to 480f6c7f
Dealt to 647ecac7
Dealt to Hero [Qd 4s]
480f6c7f: folds
647ecac7: raises $0.14 to $0.24
Hero: folds
bf90b90e: raises $0.48 to $0.72
a4b70a16: folds
76f16531: folds
647ecac7: raises $1.36 to $2.08
bf90b90e: folds
Uncalled bet ($1.36) returned to 647ecac7
*** SHOWDOWN ***
647ecac7 collected $1.51 from pot
*** SUMMARY ***
Total pot $1.59 | Rake $0.08 | Jackpot $0 | Bingo $0 | Fortune $0
Seat 1: bf90b90e (button) folded before Flop
Seat 2: a4b70a16 (small blind) folded before Flop
Seat 3: 76f16531 (big blind) folded before Flop
Seat 4: 480f6c7f folded before Flop (didn't bet)
Seat 5: 647ecac7 collected ($1.51)
Seat 6: Hero folded before Flop (didn't bet)


Poker Hand #RC1355517635: Hold'em No Limit  ($0.05/$0.1) - 2023/02/20 10:50:18
Table 'RushAndCash12762895' 6-max Seat #1 is the button
Seat 1: Hero ($10 in chips)
Seat 2: 480f6c7f ($13.77 in chips)
Seat 3: b499a394 ($10.22 in chips)
Seat 4: 50759ba4 ($10.72 in chips)
Seat 5: 5a97c2b8 ($10.43 in chips)
Seat 6: 4279e0ba ($12.01 in chips)
480f6c7f: posts small blind $0.05
b499a394: posts big blind $0.1
*** HOLE CARDS ***
Dealt to Hero [Ks Td]
Dealt to 480f6c7f
Dealt to b499a394
Dealt to 50759ba4
Dealt to 5a97c2b8
Dealt to 4279e0ba
50759ba4: folds
5a97c2b8: folds
4279e0ba: folds
Hero: raises $0.15 to $0.25
480f6c7f: raises $1.05 to $1.3
b499a394: folds
Hero: folds
Uncalled bet ($1.05) returned to 480f6c7f
*** SHOWDOWN ***
480f6c7f collected $0.57 from pot
*** SUMMARY ***
Total pot $0.6 | Rake $0.03 | Jackpot $0 | Bingo $0 | Fortune $0
Seat 1: Hero (button) folded before Flop
Seat 2: 480f6c7f (small blind) collected ($0.57)
Seat 3: b499a394 (big blind) folded before Flop
Seat 4: 50759ba4 folded before Flop (didn't bet)
Seat 5: 5a97c2b8 folded before Flop (didn't bet)
Seat 6: 4279e0ba folded before Flop (didn't bet)


Poker Hand #RC1355517344: Hold'em No Limit  ($0.05/$0.1) - 2023/02/20 10:49:16
Table 'RushAndCash12762604' 6-max Seat #1 is the button
Seat 1: dd0fde77 ($11.08 in chips)
Seat 2: 6638749e ($8.75 in chips)
Seat 3: Hero ($9.95 in chips)
Seat 4: 68783097 ($11.68 in chips)
Seat 5: 527e6089 ($10 in chips)
Seat 6: b324a6d4 ($17.8 in chips)
6638749e: posts small blind $0.05
Hero: posts big blind $0.1
*** HOLE CARDS ***
Dealt to dd0fde77
Dealt to 6638749e
Dealt to Hero [4d 8s]
Dealt to 68783097
Dealt to 527e6089
Dealt to b324a6d4
68783097: folds
527e6089: folds
b324a6d4: folds
dd0fde77: folds
6638749e: folds
Uncalled bet ($0.05) returned to Hero
*** SHOWDOWN ***
Hero collected $0.1 from pot
*** SUMMARY ***
Total pot $0.1 | Rake $0 | Jackpot $0 | Bingo $0 | Fortune $0
Seat 1: dd0fde77 (button) folded before Flop (didn't bet)
Seat 2: 6638749e (small blind) folded before Flop
Seat 3: Hero (big blind) collected ($0.1)
Seat 4: 68783097 folded before Flop (didn't bet)
Seat 5: 527e6089 folded before Flop (didn't bet)
Seat 6: b324a6d4 folded before Flop (didn't bet)


Poker Hand #RC1355517253: Hold'em No Limit  ($0.05/$0.1) - 2023/02/20 10:48:55
Table 'RushAndCash12762513' 6-max Seat #1 is the button
Seat 1: 7b88093e ($10.15 in chips)
Seat 2: Hero ($10 in chips)
Seat 3: de6cb234 ($4 in chips)
Seat 4: ca6a83bf ($10 in chips)
Seat 5: d1063dc5 ($12.92 in chips)
Seat 6: 30e107f0 ($12.37 in chips)
Hero: posts small blind $0.05
de6cb234: posts big blind $0.1
*** HOLE CARDS ***
Dealt to 7b88093e
Dealt to Hero [6c 7c]
Dealt to de6cb234
Dealt to ca6a83bf
Dealt to d1063dc5
Dealt to 30e107f0
ca6a83bf: folds
d1063dc5: folds
30e107f0: raises $0.2 to $0.3
7b88093e: folds
Hero: folds
de6cb234: calls $0.2
*** FLOP *** [9d Qc 2s]
de6cb234: checks
30e107f0: bets $0.33
de6cb234: calls $0.33
*** TURN *** [9d Qc 2s] [4h]
de6cb234: checks
30e107f0: bets $0.99
de6cb234: calls $0.99
*** RIVER *** [9d Qc 2s 4h] [8d]
de6cb234: checks
30e107f0: checks
de6cb234: shows [Kd Ts] (King-High)
30e107f0: shows [Kh Jc] (King-High)
*** SHOWDOWN ***
30e107f0 collected $2.99 from pot
*** SUMMARY ***
Total pot $3.29 | Rake $0.15 | Jackpot $0.15 | Bingo $0 | Fortune $0
Board [9d Qc 2s 4h 8d]
Seat 1: 7b88093e (button) folded before Flop (didn't bet)
Seat 2: Hero (small blind) folded before Flop
Seat 3: de6cb234 (big blind) showed [Kd Ts] and lost with King-High
Seat 4: ca6a83bf folded before Flop (didn't bet)
Seat 5: d1063dc5 folded before Flop (didn't bet)
Seat 6: 30e107f0 showed [Kh Jc] and won ($2.99) with King-High


