Poker Hand #HD1141839187: Hold'em No Limit  ($0.05/$0.1/$0.2) - 2023/03/01 22:58:27
Table 'NLH3BRed12' 8-max Seat #1 is the button
Seat 1: 807ec01b ($59.05 in chips)
Seat 3: a522e6b3 ($16.46 in chips)
Seat 4: 9d6208f4 ($33.42 in chips)
Seat 5: f8240608 ($19.27 in chips)
Seat 6: bcd73e2b ($11.75 in chips)
Seat 7: Hero ($10 in chips)
f8240608: posts the ante $0.05
9d6208f4: posts the ante $0.05
a522e6b3: posts the ante $0.05
Hero: posts the ante $0.05
807ec01b: posts the ante $0.05
bcd73e2b: posts the ante $0.05
a522e6b3: posts small blind $0.05
9d6208f4: posts big blind $0.1
f8240608: posts third blind $0.2
bcd73e2b: posts third blind $0.2
Hero: posts third blind $0.2
9d6208f4: straddle $0.4
a522e6b3: straddle $0.8
a522e6b3: straddle $1.6
*** HOLE CARDS ***
Dealt to 807ec01b
Dealt to a522e6b3
Dealt to 9d6208f4
Dealt to f8240608
Dealt to bcd73e2b
Dealt to Hero [Qs 5s]
9d6208f4: folds
f8240608: folds
bcd73e2b: folds
Hero: folds
807ec01b: folds
Uncalled bet ($1.2) returned to a522e6b3
*** SHOWDOWN ***
a522e6b3 collected $1.62 from pot
*** SUMMARY ***
Total pot $1.7 | Rake $0.08 | Jackpot $0 | Bingo $0 | Fortune $0
Seat 1: 807ec01b (button) folded before Flop
Seat 3: a522e6b3 (small blind) collected ($1.62)
Seat 4: 9d6208f4 (big blind) folded before Flop
Seat 5: f8240608 folded before Flop
Seat 6: bcd73e2b folded before Flop
Seat 7: Hero folded before Flop