Poker Hand #HD1738965524: Hold'em No Limit ($0.05/$0.1) - 2024/04/20 17:44:41
Table 'NLHARed57' 9-max Seat #4 is the button
Seat 1: fd181360 ($68.04 in chips)
Seat 3: 7e8ea7f5 ($15.52 in chips)
Seat 4: 92639c3b ($29.22 in chips)
Seat 6: a9b0a723 ($24.25 in chips)
Seat 7: 47bec60f ($27.38 in chips)
Seat 8: Hero ($20 in chips)
Seat 9: 69dc8349 ($39.56 in chips)
fd181360: posts the ante $0.05
47bec60f: posts the ante $0.05
Hero: posts the ante $0.05
7e8ea7f5: posts the ante $0.05
92639c3b: posts the ante $0.05
a9b0a723: posts the ante $0.05
69dc8349: posts the ante $0.05
a9b0a723: posts small blind $0.05
47bec60f: posts big blind $0.1
Hero: posts big blind $0.1
*** HOLE CARDS ***
Dealt to fd181360
Dealt to 7e8ea7f5
Dealt to 92639c3b
Dealt to a9b0a723
Dealt to 47bec60f
Dealt to Hero [Kh Qd]
Dealt to 69dc8349
Hero: raises $0.3 to $0.4
69dc8349: folds
fd181360: raises $0.8 to $1.2
7e8ea7f5: folds
92639c3b: raises $2.42 to $3.62
a9b0a723: folds
47bec60f: folds
Hero: folds
fd181360: calls $2.42
*** FLOP *** [Td Kd 2s]
fd181360: checks
92639c3b: checks
*** TURN *** [Td Kd 2s] [5s]
fd181360: checks
92639c3b: checks
*** RIVER *** [Td Kd 2s 5s] [3s]
fd181360: bets $0.9
92639c3b: calls $0.9
fd181360: shows [Qs Qc] (Pair of Queens)
92639c3b: shows [Ac 4c] (Fives-High Straight)
*** SHOWDOWN ***
92639c3b collected $9.37 from pot
*** SUMMARY ***
Total pot $9.94 | Rake $0.49 | Jackpot $0.08 | Bingo $0 | Fortune $0 | Tax $0
Board [Td Kd 2s 5s 3s]
Seat 1: fd181360 showed [Qs Qc] and lost with Pair of Queens
Seat 3: 7e8ea7f5 folded before Flop
Seat 4: 92639c3b (button) showed [Ac 4c] and won ($9.37) with Fives-High Straight
Seat 6: a9b0a723 (small blind) folded before Flop
Seat 7: 47bec60f (big blind) folded before Flop
Seat 8: Hero folded before Flop
Seat 9: 69dc8349 folded before Flop
